3043 4973
16 386 41 445 -.ᾤ

55 408 69 447 -

16 489 67 552 ΗΒ

15 616 65 866 Ξὲἓ

16 1239 56 1385 {w}
16 932 61 1175 3-335

15 1553 50 2742 ‘f*v·‘¹·==²·v·-·‡=-2==-{u=

1176 257 1257 327 Α
1305 253 1374 326 6.
1459 253 1641 327 1071
1664 255 1727 327 ὁ.
2412 255 2550 329 491

358 449 497 492 rum
532 425 641 500 vel
673 429 1007 514 generatio
1043 426 1147 495 vel
1180 430 1565 508 exsistentia,
1600 432 1744 514 quia
1781 431 2039 494 materia
2074 451 2391 516 nunquam
2425 433 2558 517 ipss

360 552 480 616 per
525 551 596 594 se
641 538 741 594 e‘st
780 525 1210 618 generationis
1254 535 1646 618 principium,
1689 531 1803 596 sed
1849 533 1930 596 ad
1979 554 2115 596 eam
2160 544 2230 598 et
2271 525 2562 598 artificia-

358 632 528 698 libus
564 629 934 711 (τεκτονική
970 635 1139 711 ὸ30)
1177 642 1241 698 et
1272 634 1663 700 naturalibus
1698 637 1765 698 in
1799 635 1989 699 rebus
2026 635 2331 700 accedere
2368 656 2562 719 opor-

361 744 454 799 tet
490 757 742 800 eausam
776 746 1156 815 moventem,
1201 737 1280 800 cf.
1317 739 1379 803 3.
1413 739 1616 802 10691»
1639 739 1746 802 36.
1793 738 1855 800 Ζ
1879 740 1941 802 7.
1971 739 2044 812 83
2087 736 2288 800 veluti
2325 737 2406 800 ad
2446 758 2563 821 po-

360 841 618 902 tentiam
654 841 721 903 in
761 841 1097 903 menstruis
1140 836 1575 924 (καταμήνια,
1618 839 1695 903 cf.
1728 839 1807 903 ad
1838 842 1930 904 H
1947 841 2010 904 4.
2049 841 2260 903 1044a
2284 841 2411 919 35)
2454 838 2563 903 vel

358 944 426 1006 in
484 952 650 1005 terra
707 940 1041 1019 inclusam,
1096 952 1170 1007 ut
1220 944 1416 1008 homo
1464 942 1570 1006 vel
1614 941 1832 1027 planta
1874 953 2200 1019 nascatur,
2255 941 2561 1006 accedere

361 1054 623 1129 oportet
661 1040 866 1125 γονήν
911 1044 1016 1108 vel
1060 1048 1338 1131 σπέρμα.
1416 1047 1683 1121 (Potest
1723 1049 1988 1131 σπέρμα
2025 1046 2246 1110 referri
2296 1045 2375 1111 ad
2416 1046 2560 1127 γῆν,

356 1140 523 1229 γονή
570 1145 650 1209 ad
692 1142 1099 1230 καταμήνια,
1156 1170 1232 1212 ex
1279 1169 1359 1212 eo
1407 1147 1767 1212 discrimine
1812 1149 2035 1213 horum
2079 1171 2183 1211 vv.
2227 1147 2404 1233 quod
2449 1147 2557 1210 Ar.

358 1252 658 1335 exposuit
701 1247 781 1312 de
818 1271 966 1337 gen.
1003 1272 1105 1314 an.
1145 1251 1175 1315 1
1214 1253 1317 1316 18.
1360 1252 1516 1315 724ὂ
1547 1253 1663 1327 12;
1709 1273 2079 1337 quamquam
2125 1254 2385 1336 σπέρμα
2430 1252 2561 1336 qui-

358 1351 501 1419 dem
546 1352 869 1417 interdum
910 1354 991 1417 ab
1039 1355 1146 1418 Ar.
1193 1353 1343 1433 dici,
1401 1353 1578 1439 quod
1634 1377 1708 1420 ex
1765 1376 1876 1419 sua
1921 1358 2119 1441 ipsius
2165 1355 2313 1443 lege
2356 1350 2562 1436 γονήν

360 1455 641 1521 debehat
682 1457 926 1534 dicere,
982 1456 1358 1546 intelligitur
1402 1480 1478 1523 ex
1527 1461 1614 1522 H
1647 1459 1689 1523 l.
1732 1459 1813 1538 l.)
1901 1459 2122 1543 Quare
2180 1457 2245 1523 id
2305 1456 2560 1543 quidem

356 1570 535 1624 reete
574 1561 870 1627 fecerunt
913 1561 1277 1648 philosophi
1322 1562 1606 1647 quidam,
1663 1562 1859 1626 veluti
1903 1563 2266 1648 Leucippus
2310 1562 2430 1640 (cf.
2477 1561 2560 1626 de
2616 1623 2619 1628 .

358 1662 548 1727 coelo
594 1665 686 1728 111
728 1667 791 1729 2.
834 1667 1001 1729 30οὀ
1032 1667 1118 1746 8)
1164 1675 1234 1730 et
1275 1666 1460 1730 Plato
1505 1669 1708 1746 (Tim.
1748 1668 1956 1746 303),
2011 1666 2190 1751 quod
2234 1676 2560 1730 aeternum

357 1775 627 1843 motum,
682 1771 792 1852 qui
838 1777 982 1831 actu
1027 1771 1123 1844 sit,
1168 1778 1529 1834 statuerunt
1573 1792 1741 1845 esse3
1799 1769 1912 1833 sed
1966 1772 2032 1832 in
2078 1789 2158 1832 eo
2203 1779 2561 1854 peccarunt,

359 1868 533 1954 quod
579 1891 700 1932 nec
742 1891 991 1934 causam
1036 1869 1349 1935 eiusmodi
1393 1884 1604 1938 motus
1650 1873 1768 1954 (ef.
1808 1871 1888 1936 de
1920 1873 2251 1956 Leucippo
2293 1870 2558 1936 eandem

346 1974 886 2056 vituperationem
932 1973 1013 2037 de
1059 1973 1221 2037 coel.
1254 1976 1352 2038 IV
1381 1979 1422 2039 6
1470 1986 1536 2039 et
1581 1975 1659 2039 ad
1693 1976 1766 2039 A
1797 1978 1857 2039 4.
1887 1977 2049 2040 9851»
2077 1978 2199 2051 19)
2247 1997 2369 2037 nee
2412 1996 2561 2059 qua-

323 2074 630 2153 ⁵litatem,
688 2079 794 2159 qui
838 2079 920 2139 sit
963 2075 1266 2141 naturalis
1312 2089 1519 2142 motus
1567 2080 1673 2162 qui
1716 2100 1851 2142 non
1897 2076 2227 2154 naturaliS,
2285 2080 2393 2161 qui
2437 2081 2563 2162 pri-

357 2199 494 2241 mus
554 2180 659 2262 qui
716 2181 1067 2262 posterior,
1128 2179 1440 2264 explicare
1497 2190 1928 2266 susceperunt.
2031 2180 2252 2258 (Haec
2305 2178 2561 2264 quidem

357 2283 669 2344 sententia
711 2280 1051 2344 verborum
1087 2284 1216 2346 1⁵33
1262 2277 1435 2347 ἀλλὰ
1478 2277 1591 2347 διὰ
1633 2284 1699 2346 τί
1739 2319 1820 2335 --
1861 2285 1949 2348 36
1985 2277 2106 2344 ὡδί
2148 2292 2381 2367 aperta,
2424 2285 2559 2367 ipsa

355 2383 557 2446 verba
598 2404 734 2447 non
774 2405 1038 2469 prorsus
1082 2384 1293 2470 plana.
1387 2387 1470 2448 Et
1511 2388 1744 2471 prioris
1792 2384 2042 2470 quidem
2097 2388 2414 2449 enunciati
2457 2408 2562 2449 ex·
2594 2376 2610 2396 ’

357 2497 555 2551 trema
587 2489 808 2551 verba:
848 2483 996 2551 οὐδὲ
1032 2485 1166 2565 ὡδί,
1205 2485 1354 2554 οὐδὲ
1387 2483 1510 2566 τὴν
1546 2489 1766 2552 αἰτίαν
1797 2510 1986 2573 quum
2010 2486 2188 2551 Alex.
2217 2511 2279 2573 p.
2295 2492 2443 2567 664,
2470 2491 2561 2553 20

355 2592 450 2654 sic
490 2592 967 2675 interpretetur:
1012 2593 1122 2653 καὶ
1168 2585 1283 2655 διὰ
1325 2592 1391 2653 τί
1436 2588 1558 2655 ὡδὶ
1597 2593 1715 2674 μὲν
1750 2586 1908 2654 τάδε
1939 2589 2293 2667 κινοῦνται,
2335 2588 2455 2655 ὡδὶ
2490 2592 2559 2655 δὲ

357 2688 545 2769 τάδε,
601 2688 851 2756 τούτων
893 2687 1015 2771 τὴν
1061 2695 1282 2756 αἰτίαν
1324 2689 1407 2757 οὐ
1448 2694 1778 2774 λέγουσιν,
1823 2693 2029 2756 Schvv.
2076 2694 2169 2754 sic
2210 2691 2388 2755 iubet
2429 2714 2561 2756 mu-

358 2798 507 2859 tari:
562 2792 711 2859 οὐδὲ
753 2798 875 2860 τοῦ
917 2793 1039 2862 ὡδὶ.
1078 2789 1203 2875 τὴν
1247 2796 1486 2859 αἰτίαν.
1579 2793 1775 2877 Quod
1824 2816 2195 2879 quamquam
2243 2804 2388 2879 apte
2434 2794 2559 2859 dici

358 2919 493 2962 non
536 2920 740 2986 nego,
797 2902 1158 2963 necessario
1219 2907 1426 2961 tamen
1483 2900 1571 2960 ita
1623 2898 2030 2962 scribendum
2076 2918 2208 2961 non
2256 2898 2558 2973 arbitror-3

360 3005 590 3065 etenim
639 3006 707 3065 ἐκ
750 2998 1178 3086 παραλλήλου
1220 3002 1380 3064 haec
1422 3003 1628 3086 posita
1676 3001 1973 3064 videntur
2017 3002 2228 3064 verbis
2273 3005 2561 3087 superio-

356 3104 532 3168 ribus
580 3099 688 3167 διὰ
733 3106 798 3167 τί
844 3114 906 3166 et
949 3106 1127 3181 τίνα,
1186 3113 1257 3169 ut
1301 3128 1360 3168 v.
1408 3102 1528 3168 ὡδί
1570 3103 1737 3167 idem
1784 3103 2097 3192 significet
2152 3126 2225 3166 ac
2267 3107 2419 3168 τίνα
2462 3106 2559 3167 κί-

357 3227 567 3285 νησιν,
615 3216 679 3269 et
721 3207 943 3269 αἰτίαν
986 3205 1151 3268 idem
1199 3229 1273 3271 ac
1320 3202 1428 3271 διὰ
1473 3207 1554 3270 τί.
1633 3205 1931 3271 Proximo
1980 3217 2184 3270 autem
2220 3203 2557 3272 enuneiato

356 3308 423 3374 id
471 3306 721 3393 quidem
770 3321 1063 3393 apparet,
1096 3308 1423 3395 ‘distingui
1476 3301 1598 3387 τὴν
1640 3304 1811 3378 κατὰ
1856 3307 2056 3399 φύσιν
2101 3320 2167 3376 et
2209 3305 2330 3388 τὴν
2373 3304 2557 3395 παρὰ

271 3431 279 3438 “
357 3406 560 3500 φύσιν
603 3412 878 3489 κίνησιν,
924 3412 1001 3476 cf.
1046 3411 1126 3475 de
1168 3413 1354 3477 coelo
1393 3414 1421 3475 1
1461 3414 1524 3475 2.
1563 3415 1733 3477 26901
1761 3415 1816 3492 7,
1861 3424 1926 3477 et
1970 3436 2150 3478 suum
2196 3416 2419 3498 cuique
2463 3416 2559 3478 rei

352 3514 664 3577 vindicari
710 3515 1056 3578 naturalem
1100 3527 1358 3580 motum.
1434 3514 1564 3580 Sed
1610 3517 1934 3602 quomodo
1981 3516 2086 3580 vel
2132 3517 2560 3581 construenda

357 3618 484 3681 sint
527 3616 631 3679 vel
675 3617 1096 3706 intelligenda
1142 3621 1298 3684 haec
1342 3618 1566 3683 verba:
1616 3613 1789 3684 ἀλλὰ
1837 3621 1934 3685 δεῖ
1976 3644 2037 3684 τι
2085 3617 2188 3683 ἀεὶ
2229 3614 2559 3706 ὑπάρχειν,
2631 3637 2638 3644 ’

354 3742 490 3786 non
547 3720 803 3800 video.)
893 3720 1091 3806 Quod
1147 3734 1353 3788 autem
1412 3724 1596 3787 aliam
1653 3734 1983 3809 praeterea
2028 3722 2280 3788 Platoni
2339 3726 2561 3788 incon-

355 3827 647 3889 stantiam
706 3824 959 3902 obiicit,
1012 3827 1161 3909 quia
1219 3830 1484 3891 animam
1532 3825 1728 3892 modo
1775 3837 2100 3893 aeternum
2146 3847 2288 3893 esse
2329 3830 2561 3912 prinei-

355 3923 545 4012 pium,
589 3949 669 3991 se*
707 3930 911 4011 ipsum
950 3948 1233 4006 movenS‚
1279 3929 1450 3993 dicat
1495 3928 1805 4010 (Phaedr.
1835 3932 1965 3994 245
1981 3952 2035 4007 e,
2080 3929 2159 3993 cf.
2190 3932 2466 4018 Top.v··1
2494 3932 2556 3994 3.

360 4031 520 4093 1401>
544 4033 644 4108 3),
698 4030 894 4095 modo
942 4040 1095 4116 post
1137 4030 1315 4094 coeli·
1349 4034 1826 4118 generationem
1874 4033 2120 4097 demum
2165 4044 2373 4097 natam
2420 4054 2559 4097 esse

359 4130 515 4194 velit
560 4135 762 4210 (Tim.
796 4134 996 4212 3411),
1040 4137 1363 4198 verissime
1404 4134 1483 4200 ab
1526 4136 1652 4198 hoc
1692 4137 1947 4198 crimine
1977 4121 2310 4201 Platonem
2343 4135 2560 4200 defen«

360 4233 454 4297 dit
499 4234 710 4300 Zeller
752 4235 912 4302 Plat.
959 4238 1137 4304 stud.
1185 4262 1247 4322 p.
1280 4241 1441 4314 21ος
1497 4241 1785 4312 nimirum
1841 4259 1976 4306 non
2032 4243 2240 4308 minor
2286 4250 2380 4304 est
2425 4241 2559 4302 Ari-

360 4336 607 4401 stotelis
668 4339 882 4425 culpa,
941 4340 1115 4426 quod
1174 4341 1423 4406 fabulas
1481 4341 1952 4428 philosophicas
2012 4364 2143 4406 non
2198 4342 2478 4406 distinxit
2522 4363 2557 4404 a
