3043 4973
539 236 677 312 132
1391 261 1443 306 α
1488 233 1559 307 2.
1635 232 1861 307 994α.

534 435 678 479 nem
712 433 846 476 non
882 429 1039 488 esse,
1073 409 1259 475 facile
1296 409 1626 488 concedet,
1665 413 1772 495 qui
1807 412 2064 496 integro
2099 406 2336 473 iudicio
2371 430 2506 473 rem
2539 410 2739 494 ipsam

534 519 928 603 spectaverit.

663 619 816 683 Non
864 639 1005 682 esse
1050 615 1345 680 deorsum
1393 616 1701 680 infinitam
1741 623 2064 680 causarum
2103 616 2347 691 seriem,
2391 625 2462 678 ut
2499 637 2572 678 ex
2613 614 2743 679 hoc

533 723 831 797 alterum,
887 742 961 784 ex
1018 720 1221 783 altero
1283 724 1532 784 tertium
1586 721 1701 786 fiat
1746 733 1809 783 et
1851 721 2285 806 generationis
2330 717 2477 782 finis
2525 717 2740 784 nullus

534 829 643 904 sit,
687 828 954 910 primum
1001 822 1082 886 de
1128 823 1431 887 materiali
1479 846 1667 887 causa
1712 823 2108 908 comprobat,
2158 821 2450 886 distincta
2496 820 2740 907 signifi-

534 932 787 993 catione
832 926 1141 990 formulae
1185 927 1254 989 ἔκ
1297 947 1473 1000 τινος
1516 928 1889 1009 γίγνεσθαι.
1981 927 2278 1010 Seposita
2323 927 2609 988 enim-ea
2657 926 2742 988 si-

530 1027 965 1120 gnificatione,
1002 1051 1163 1113 quae
1199 1029 1278 1092 ad
1314 1034 1617 1114 temporis
1654 1030 1981 1094 decursum
2019 1032 2308 1114 pertinet,
2340 1022 2434 1113 μὴ
2470 1025 2555 1102 ὡς
2586 1021 2739 1092 τόδε

533 1137 805 1218 λέγομεν
849 1126 1014 1216 μετὰ
1057 1128 1206 1196 τόδε
1252 1135 1397 1210 ῠ22,
1443 1134 1521 1197 cf.
1569 1133 1623 1197 A
1663 1135 1771 1196 24.
1822 1134 2024 1197 102311
2057 1134 2117 1210 8,
2163 1135 2404 1218 quippe
2446 1151 2606 1214 qnae
2652 1129 2736 1192 ab

532 1239 652 1301 hac
696 1239 1068 1322 quaestione
1113 1234 1321 1298 aliena
1365 1239 1463 1313 sit,
1511 1235 1851 1321 dupliciter
1894 1237 2001 1300 illa
2047 1234 2318 1300 fonmila
2365 1243 2739 1318 usurpatum

530 1339 797 1405 dicimus
853 1342 1019 1402 enim
1079 1337 1340 1402 alterum
1403 1359 1477 1402 ex
1537 1338 1740 1402 altero
1797 1338 1941 1403 fieri
1996 1339 2104 1404 vel
2122 1339 2245 1402 'sic
2290 1348 2359 1402 ut
2400 1341 2499 1400 vir
2535 1336 2617 1399 -fit
2663 1357 2739 1400 ex

526 1464 752 1530 puero,
796 1442 902 1506 vel
947 1445 1039 1506 sic
1083 1452 1152 1506 ut
1196 1446 1307 1505 aer
1348 1440 1423 1504 fit
1469 1463 1545 1504 ex
1587 1464 1767 1526 aqna.
1853 1444 1937 1506 Et
1980 1445 2044 1506 in
2089 1441 2200 1506 illa
2245 1440 2500 1527 quidem
2543 1460 2741 1526 gene-

528 1546 709 1611 randi
756 1549 1005 1610 ratione
1050 1566 1184 1608 non
1229 1547 1383 1608 novi
1430 1543 1768 1630 quidquam
1826 1568 1900 1610 ex
1944 1549 2084 1631 ipsa
2127 1547 2547 1633 generatione
2593 1564 2741 1606 eva-

530 1649 651 1728 dit,
710 1646 827 1713 οὐκ
872 1653 942 1711 ἐκ
984 1649 1103 1725 τῆς
1144 1650 1452 1731 γενέσεως
1491 1650 1606 1725 bl,
1663 1647 1777 1712 sed
1837 1648 1902 1712 id
1962 1647 2135 1733 quod
2179 1651 2298 1712 iam
2342 1645 2543 1710 fiendi
2589 1665 2741 1730 pro·-

526 1775 711 1816 cessu
754 1753 1148 1828 continetur,
1205 1743 1282 1813 τό
1328 1746 1719 1832 γιγνόμενον
1756 1754 1922 1829 α26,
1976 1751 2251 1836 ideoque
2308 1748 2582 1813 medium
2639 1757 2740 1813 est

526 1860 695 1920 inter
741 1875 854 1918 ens
902 1864 969 1917 et
1010 1874 1324 1930 non-enS,
1370 1852 1451 1915 ad
1495 1854 1957 1938 perfectionem
2004 1877 2178 1919 suam
2223 1853 2624 1939 perducitur;
2671 1862 2739 1915 et

528 1980 715 2044 quum
761 1951 838 2020 τὸ
882 1951 1301 2040 γιγνόμενον,
1361 1967 1587 2042 utpote
1644 1953 1892 2040 μεταξὺ
1931 1960 2050 2040 τοῦ
2094 1950 2287 2033 ὄντος
2330 1958 2441 2021 καὶ
2485 1949 2576 2039 μὴ
2621 1949 2737 2019 ὅν·-

522 2083 636 2135 τος
679 2061 843 2135 (328,
901 2069 1129 2142 suapte
1179 2067 1399 2121 natura
1447 2058 1530 2122 ad
1576 2081 1751 2123 suam
1781 2060 2020 2126 tendat
2061 2061 2546 2145 perfectionem,
2602 2060 2736 2123 τῶν

518 2165 641 2246 μὲν
684 2156 813 2246 γὰρ
858 2155 1085 2226 ὄντων’
1113 2154 1357 2242 μεταξὺ
1399 2156 1656 2243 ἀνάγκη
1703 2165 1890 2240 τέλος
1930 2158 2099 2228 εἶναι
2131 2165 2234 2240 124,
2278 2163 2437 2226 haec
2474 2160 2731 2247 quidem

522 2267 856 2353 generatio
895 2266 962 2326 in
998 2263 1319 2326 infinitum·
1352 2265 1661 2350 progredi
1697 2288 1831 2330 non
1871 2275 2102 2352 potest.
2169 2265 2244 2329 In
2276 2265 2496 2332 alteror
2521 2276 2731 2330 autem

519 2370 957 2455 generationis
1011 2388 1276 2453 genere,
1347 2366 1518 2450 quod
1578 2369 2001 2454 significatum
2062 2377 2159 2433 est
2195 2371 2379 2433 ‚ae'ris
2438 2390 2512 2432 ex
2569 2389 2732 2452 aqua

520 2475 726 2560 geniti
772 2467 1090 2554 exemplo,
1137 2468 1400 2533 alterum
1448 2475 1690 2537 exsistit
1733 2472 2152 2538 intercidente
2199 2472 2420 2550 altere,
2474 2495 2548 2537 ac
2589 2473 2733 2539 vice

517 2598 703 2645 versa
749 2577 875 2640 hoc
917 2577 1278 2638 intereunte
1306 2573 1462 2649 ,illo;
1509 2598 1631 2660 qua
1668 2576 2019 2664 generandi
2056 2575 2492 2641 vicissitudine
2517 2572 2732 2653 (ἀνα-

515 2675 794 2762 κάμπτει
833 2680 948 2755 ὂ3,
994 2676 1076 2740 de
1124 2680 1302 2741 cuius
1350 2700 1489 2743 voc.
1535 2701 1656 2743 usu
1702 2681 1780 2744 cf.
1813 2681 2046 2744 Waitz
2085 2679 2171 2742 'ad
2208 2680 2328 2743 An.
2375 2688 2546 2765 post.
2589 2678 2621 2744 l
2663 2680 2729 2743 3.

517 2784 637 2849 7211
669 2786 756 2847 36
770 2787 806 2863 )·
830 2784 1125 2866 quoniam
1159 2780 1240 2844 ad
1271 2803 1448 2844 suum
1481 2784 1678 2866 ipsius
1718 2786 1964 2847 initium
2003 2787 2335 2870 generatio
2373 2784 2730 2855 revertitur,

514 2885 794 2949 infinitas
848 2883 1304 2971 progrediendi
1356 2884 1748 2949 excluditur..
1809 2888 2031 2971 Itaque
2079 2889 2340 2950 omnino
2386 2878 2465 2949 τὸ
2514 2886 2730 2968 γίγνε-

515 2987 695 3049 σθαι
736 2988 805 3049 ἔκ
851 3009 1027 3062 τινος
1071 3008 1204 3051 non
1248 2997 1467 3073 potest
1510 2990 1578 3049 in
1613 2988 1929 3053 infinitum
1964 2990 2264 3071 deorsum,
2292 2987 2612 3075 progredi.
2642 3023 2729 3077 —ss

514 3089 653 3152 Hac
699 3089 1125 3174 explicatione
1170 3095 1321 3153 satis
1364 3092 1486 3153 iam
1537 3092 1949 3176 comprobata
1981 3115 2138 3156 esse
2181 3113 2404 3180 spero,
2451 3113 2612 3177 quae
2657 3092 2727 3158 in

513 3191 793 3257 lectione
814 3192 1224 3257 Bekkeriana
1270 3196 1608 3272 immutavi,
1654 3195 1999 3260 Alexandri
2041 3199 2433 3282 potissimum
2470 3203 2727 3258 secutus

511 3300 973 3362 auctoritatem.
1058 3299 1195 3361 1122
1239 3293 1333 3382 μή
1378 3301 1633 3383 scripsi,
1693 3299 1803 3363 ubi
1846 3300 2052 3363 Bek-k.
2104 3322 2178 3364 ex
2234 3298 2479 3382 aliquot
2531 3296 2723 3363 codd.

512 3400 795 3464 exhibuit
833 3394 892 3480 ἥ,
934 3421 1014 3463 ac
1054 3401 1291 3466 deinde
1330 3405 1469 3467 023
1511 3399 1629 3488 οὐχ
1674 3397 1880 3478 οὕτως
1921 3399 2068 3467 ἀλλ’
2108 3424 2249 3467 cum
2292 3400 2477 3466 codd.
2518 3419 2725 3486 prope

510 3501 811 3566 omnibus
867 3507 1069 3567 omisi.
1159 3506 1389 3588 Neque
1446 3510 1614 3570 enim
1669 3505 1734 3569 id
1793 3510 1955 3593 agit,
2013 3518 2086 3570 ut
2140 3514 2361 3572 omnes
2415 3509 2588 3571 iuxta
2644 3507 2725 3572 si:-

510 3604 964 3692 gnificationes
1021 3606 1332 3671 formulae
1391 3609 1459 3671 ἔκ
1514 3630 1692 3683 τινος
1737 3621 2089 3688 enumeret,
2146 3610 2261 3675 sed
2307 3619 2379 3674 ut
2420 3605 2725 3684 secludat,

511 3730 674 3793 quae
721 3708 846 3773 huc
876 3730 1022 3772 *non
1072 3709 1411 3795 pertinent,
1453 3703 1547 3792 μὴ
1594 3708 1679 3786 ὡς
1722 3708 1872 3776 τόδε
1918 3715 2191 3797 λέγομεν
2234 3706 2402 3796 μετὰ
2441 3706 2611 3789 τόδε,
2657 3721 2725 3775 et

513 3830 620 3874 eas
666 3813 865 3876 modo
907 3823 1266 3891 recenseat,
1313 3816 1376 3876 in
1423 3811 1650 3898 quibus
1696 3813 1856 3878 haec
1900 3820 2187 3901 quaestio
2236 3827 2301 3880 et
2343 3815 2541 3880 debet
2583 3835 2724 3879 ver·-

510 3919 636 3977 sari
684 3928 749 3980 et
790 3938 861 3980 re
904 3936 1058 3978 vera
1101 3915 1336 3983 deinde
1380 3926 1687 3980 versatur.
1733 3954 1815 3967 —
1863 3918 2063 4004 Quod
2109 3931 2321 3984 autem
2361 3918 2582 4004 paullo
2627 3921 2723 3983 in—

510 4018 602 4083 fra
636 4020 719 4083 bl
767 4019 903 4083 ἔστι
948 4022 1146 4096 omisi,
1192 4039 1326 4083 non
1372 4041 1630 4106 possum
1673 4042 1829 4085 sane
1872 4022 2058 4087 aliam
2103 4022 2722 4089 adhiberemctori-

508 4131 698 4184 tatem
731 4144 913 4206 quam
945 4125 1356 4207 interpretum
1384 4124 1778 4188 Graecorum
1805 4126 2150 4190 Alexandri
2178 4138 2242 4191 et
2272 4126 2571 4212 Asclepii,
2602 4127 2720 4193 sed

418 4244 421 4245 ⁷
494 4224 643 4309 ‘ipsa'
691 4220 1040 4303 sententiae
1082 4229 1335 4291 ratione
1374 4248 1446 4290 ea
1488 4249 1672 4311 quam
1709 4233 1971 4315 reposui
2010 4235 2314 4316 scriptura
2355 4234 2716 4295 necessario

507 4328 759 4392 videtur
799 4328 1090 4416 flagitari.
1157 4329 1664 4395 Describendum
1700 4342 1797 4396 est
1831 4337 1995 4398 enim
2034 4334 2099 4399 id
2129 4337 2568 4422 generationis
2603 4355 2718 4421 ge-

792 4518 825 4539 X
