3043 4973
501 201 601 274 62
1352 203 1429 273 A
1477 200 1547 273 3.
1625 197 1852 273 983⁶.

503 353 748 444 morum
792 375 1319 464 philosophorum
1365 371 1887 462 (τῶνπρώτων
1931 399 2004 464 φ.
2049 374 2129 441 es.
2177 375 2261 440 ad
2293 376 2359 440 2.
2395 375 2717 457 982011)

502 483 790 569 plerique
836 504 908 546 ea
955 484 1141 546 unice
1186 483 1492 567 principia
1553 490 1937 566 posuerunt,
1999 501 2161 565 quae
2219 481 2272 543 si
2326 478 2577 544 diversa
2623 477 2717 545 di-

501 588 790 650 stinxeris
834 588 1284 671 principiorum
1331 602 1598 672 genera,
1654 584 1739 649 ad
1781 605 1986 672 genus
2030 586 2333 647 materiae
2375 583 2715 649 referenda

505 695 716 766 erunt,
773 684 894 765 τὰς
937 693 1007 754 ἐν
1049 684 1211 768 ὕλης
1254 685 1405 753 εἴδει
1442 691 1547 755 ⁶7.
1639 687 1951 754 Subtilius
2011 688 2135 752 hoc
2184 686 2439 752 videtur
2484 686 2716 752 dixisse

502 792 903 871 Aristoteles,
948 814 1133 878 quam
1164 795 1216 857 si
1255 792 1536 857 dixisset:
1582 786 1706 872 τὴν
1742 787 1943 871 ὕλην
1975 787 2190 874 μόνην
2225 787 2557 873 ᾠήθησαν
2593 787 2717 876 029-

496 891 625 981 χὴν
669 891 839 961 εἶναι
879 893 1161 963 πάντων.
1252 897 1441 982 Quae
1499 899 1663 961 enim
1711 899 2019 982 principia
2064 903 2316 963 veteres
2360 903 2720 981 posuerunt

493 999 903 1087 philosophi,
959 1004 1220 1066 maxime
1264 1000 1494 1079 Ionici,
1544 1021 1618 1064 ea
1661 1002 1995 1076 materiae,
2041 997 2291 1084 qualem
2337 997 2716 1064 Aristoteles

503 1107 738 1184 statuit,
786 1107 1132 1189 comparari
1178 1102 1430 1189 quidem
1476 1114 1749 1189 possunt
1789 1107 1895 1182 ita,
1942 1113 2012 1167 ut
2055 1101 2136 1166 ad
2178 1101 2345 1167 idem
2386 1124 2718 1168 causarum

501 1230 707 1296 genus
751 1205 1088 1272 videantur
1120 1206 1467 1272 xreferenda
1513 1229 1684 1285 esse,
1742 1229 1863 1272 nec
1919 1218 2130 1271 tamen
2186 1210 2384 1293 ipsam
2430 1207 2720 1271 referunt

504 1310 980 1376 Aristotelicum
1036 1315 1336 1375 materiae
1392 1314 1747 1377 notionem.
1844 1309 2400 1376 Aristoteli-enim
2453 1312 2719 1374 materia

502 1438 675 1480 mera
723 1426 820 1481 est
863 1417 1154 1501 potentia
1199 1414 1566 1502 generandi,
1612 1410 1887 1499 δύναμις
1929 1418 2049 1480 τοῦ
2090 1415 2462 1499 γίγνεσθαι,
2505 1434 2720 1499 neque

505 1520 634 1586 ulla
692 1542 813 1607 per
862 1540 933 1584 se
993 1521 1209 1605 specie
1263 1529 1373 1583 aut
1416 1518 1622 1582 forma
1667 1517 1956 1606 praedita
1999 1518 2119 1597 (cf.
2167 1517 2248 1582 ad
2294 1519 2358 1582 Z
2395 1519 2457 1582 3.
2506 1519 2720 1583 1029oe

506 1628 595 1690 le
621 1627 796 1710 sqq.)
842 1622 924 1688 ad
969 1621 1315 1708 quamlibet
1359 1622 1626 1687 formam
1672 1621 2100 1708 accipiendam
2145 1624 2388 1707 pariter
2431 1628 2538 1686 'est
2578 1618 2723 1686 ido-

502 1749 655 1807 nea,
713 1749 875 1814 quae
919 1727 1122 1791 forma
1168 1729 1222 1791 si
1267 1729 1608 1791 accesserit
1652 1724 1734 1790 ad
1778 1729 2131 1802 materiam,
2188 1725 2451 1812 simplex
2498 1747 2575 1790 ea
2621 1735 2724 1790 est

503 1835 856 1919 generatio,
893 1828 1075 1910 ἁπλῆ
1105 1834 1369 1914 γένεσις.
1442 1831 1751 1894 Veterum
1785 1839 1994 1894 autem
2025 1829 2572 1917 philosophorum,
2611 1832 2722 1915 qui

503 1936 610 1999 hic
652 1945 1089 2011 recensentur,
1137 1935 1444 2020 principia
1491 1933 1837 1998 materialia
1881 1935 2003 1998 iam
2050 1944 2219 1998 certa
2268 1934 2475 2020 aliqua
2521 1932 2723 2020 quali-

505 2047 635 2102 tate
680 2036 946 2102 definita
993 2046 1375 2102 statuuntur.
1459 2036 1606 2116 (Cf.
1650 2036 1730 2102 de
1767 2058 1913 2125 gen.
1957 2038 2017 2100 11
2066 2039 2121 2116 l,
2153 2032 2508 2124 'praecipue
2543 2039 2722 2103 3292»

505 2143 622 2207 33:
664 2142 927 2228 πρῶτον
970 2142 1091 2224 μὲν
1135 2132 1210 2205 τὸ
1257 2134 1531 2225 δυνάμει
1576 2143 1766 2223 σῶμα
1811 2133 2149 2219 αἰσθητὸν
2181 2136 2370 2227 ἀρχή,
2415 2137 2724 2224 δεύτερον

507 2242 566 2311 δ’
607 2248 678 2309 αἱ
716 2239 1137 2319 ἐναντιώσεις,
1181 2244 1344 2325 λέγω
1382 2240 1440 2307 δ’
1481 2236 1628 2308 οἷον
1663 2239 2004 2330 θερμότης
2037 2246 2149 2309 καὶ
2182 2240 2533 2331 ψυχρότης,
2578 2246 2722 2328 τρία

503 2370 624 2413 τον
670 2341 728 2412 δ’
766 2340 894 2427 ἤδη
937 2349 1068 2431 πῦρ
1111 2347 1223 2410 καὶ
1266 2341 1441 2429 ὕδωρ
1487 2348 1601 2411 καὶ
1644 2340 1731 2410 τοὶ
1773 2348 2108 2427 τοιαῦτα.)
2177 2344 2398 2433 Itaque
2431 2354 2621 2433 quum
2650 2351 2718 2413 in

507 2451 663 2518 alias
708 2472 914 2516 rerum
951 2450 1186 2517 formas
1222 2459 1571 2528 transeunt,
1617 2454 1916 2535 quoniam
1951 2472 2085 2515 non
2122 2449 2394 2517 induunt
2428 2460 2555 2516 tum
2594 2453 2722 2537 pri-

504 2581 671 2622 mum
719 2554 1083 2643 qualitatem
1127 2553 1457 2640 quandam,
1502 2553 1617 2618 sed
1663 2556 1913 2642 integra
1949 2555 2302 2621 substantia
2337 2555 2720 2620 affectiones

361 2668 370 2681 ’
505 2660 764 2727 alteram
808 2659 1008 2724 altera
1046 2668 1450 2736 commutant,
1497 2679 1574 2722 ea
1607 2678 1740 2722 non
1779 2669 1876 2722 est
1908 2657 2172 2744 simplex
2204 2661 2559 2746 generatio,
2600 2657 2719 2723 sed

506 2766 815 2841 alteratio,
852 2760 1217 2839 ἀλλοίωσις,
1254 2783 1438 2848 quam
1478 2761 1805 2845 quomodo
1842 2762 2190 2850 distinguat
2226 2786 2261 2827 a
2297 2765 2720 2850 generatione

506 2871 840 2954 perspicue
889 2869 1148 2951 exponit
1176 2864 1556 2929 Aristoteles
1593 2864 1673 2930 de
1712 2885 1857 2952 gen.
1887 2867 1919 2931 I
1948 2869 2011 2930 4.
2081 2866 2272 2931 Unde
2301 2877 2552 2932 veteres
2582 2867 2721 2953 phi-

506 2971 820 3057 losophos
865 2969 1174 3034 sublatam
1213 2991 1253 3033 e
1287 2980 1512 3034 natura
1551 2989 1763 3035 rerum
1800 2973 2277 3056 generationem
2315 2980 2589 3034 mutasse
2624 2968 2722 3033 di-

503 3080 595 3139 cit
634 3077 704 3139 in
750 3072 1207 3150 alterationem,
1255 3073 1332 3137 cf.
1364 3073 1559 3157 Phys,
1600 3072 1630 3136 I
1670 3073 1731 3137 4.
1780 3075 1941 3140 1871:
1965 3076 2079 3139 30:
2124 3075 2240 3139 καὶ
2280 3067 2358 3139 τὸ
2402 3074 2728 3156 γίνεσθαι

504 3174 762 3245 τοιόνδε
798 3178 1214 3256 καθέστηκεν
1248 3173 1698 3268 ἀλλοιοῦσθαι
1732 3179 1870 3242 κτλ.
1933 3179 1963 3243 1
1994 3180 2056 3242 8.
2094 3181 2256 3244 lsla
2282 3179 2397 3243 27:
2438 3178 2552 3241 καὶ
2582 3200 2724 3265 φα·

507 3285 617 3350 σὶν
660 3277 810 3347 οὔτε
854 3283 1170 3364 γίνεσθαι
1205 3281 1337 3346 τῶν
1374 3273 1585 3346 ὄντων
1615 3276 1808 3345 οὐδὲν
1834 3275 1982 3347 οὔτε
2013 3283 2435 3370 φθείρεσθαι
2461 3282 2598 3345 κτλ.
2632 3296 2730 3333 -·

504 3388 650 3450 b13.
704 3389 785 3450 16
830 3379 1322 3468 Σωκράτην,
1379 3387 1673 3450 usitatum
1722 3384 2056 3450 Aristoteli
2112 3385 2465 3471 exemplum
2511 3381 2590 3447 ad
2637 3385 2724 3447 si-

505 3487 932 3577 gnificandam
978 3509 1108 3552 rem
1150 3508 1339 3551 unam
1372 3507 1527 3551 vere
1555 3491 1977 3566 exsistentem,
2021 3489 2099 3553 cf.
2145 3492 2221 3555 A
2263 3491 2323 3554 8.
2375 3489 2584 3554 1074a
2608 3489 2714 3553 35.

507 3594 629 3657 An.
659 3614 753 3677 pr.
782 3591 814 3655 1
844 3592 950 3656 27.
984 3593 1107 3655 430:
1132 3592 1237 3654 35.
1287 3592 1455 3676 Top.
1490 3592 1644 3655 VIII
1698 3594 1850 3656 1601)
1876 3594 1980 3660 27.
2025 3594 2117 3658 IX
2157 3596 2216 3658 5.
2267 3595 2422 3657 166⁶
2452 3594 2539 3658 23
2579 3590 2662 3655 al.

534 3753 540 3758 .
638 3697 799 3761 983⁶
824 3696 914 3760 20
948 3687 1161 3760 ἀλλὰ
1192 3694 1467 3773 Θαλῆς
1493 3696 1636 3778 μὲν
1668 3732 1749 3748 --
1781 3698 1864 3762 27
1899 3705 2077 3773 τοῖς
2105 3695 2408 3783 ὑγροῖς.
2469 3699 2520 3761 Α
2550 3696 2721 3759 Tha-

505 3798 634 3864 lete
666 3802 779 3886 qui‘
801 3810 1099 3884 repetunt
1124 3797 1568 3884 philosophiae
1600 3798 1890 3864 Graecae
1921 3803 2251 3889 originem,
2278 3799 2478 3865 veluti
2504 3798 2722 3864 Theo-

507 3904 799 3991 phrastus
837 3902 1066 3994 §impL
1114 3902 1198 3967 ad
1242 3902 1434 3988 Phys.
1484 3905 1554 3981 6,
1601 3902 1843 3967 faciunt
1885 3903 1980 3968 illi
2026 3904 2279 3990 quidem
2324 3914 2516 3981 recte,-
2560 3923 2719 3989 quo-

414 4089 423 4096 ,
504 4011 672 4073 niam
734 4007 973 4072 Thales
1028 4010 1266 4093 primus
1331 4028 1454 4071 nec
1520 4006 1875 4072 fabularum
1932 4008 2281 4074 involucris
2337 4010 2718 4072 sententiam

504 4134 681 4176 suam
725 4116 881 4177 texit
933 4115 1041 4192 (οἱ
1083 4112 1383 4194 μυθικῶς
1427 4106 1856 4199 σοφιζόμενοι
1886 4112 1953 4176 Β
1990 4114 2050 4176 4.
2095 4115 2299 4177 100οα
2335 4114 2460 4191 18)
2505 4129 2719 4197 neque

504 4218 838 4280 immiscuit
882 4215 1129 4280 fabulas
1175 4214 1424 4302 placitis
1467 4213 1927 4302 philosophicis
1973 4218 2082 4298 (οἱ
2125 4219 2510 4301 μεμιγμένοι
2550 4218 2632 4281 Ν
2654 4218 2714 4279 4.

506 4322 708 4386 109Ιό
733 4320 832 4402 8),
858 4318 976 4384 sed
1002 4322 1392 4407 argumentis
1424 4321 1517 4400 (οἱ
1547 4314 1631 4383 δι’
1658 4315 2051 4400 ἀποδείξεως
2078 4320 2375 4405 λέγοντες
2398 4318 2465 4382 Β
2490 4319 2549 4383 4.
2573 4316 2717 4401 1.Ι.)
