3043 4973
184 425 217 461 Ι

2429 250 2518 326 21

310 424 601 510 tegorias
645 425 1011 510 quantitatis
1058 433 1127 489 et
1157 425 1475 512 qualitatis
1510 431 1600 494 ita
1634 431 2049 516 persequitur,
2093 439 2166 494 ut
2199 428 2526 515 quomodo

310 529 481 591 inter
525 548 600 591 se
646 538 1062 614 opponantur
1107 550 1298 594 unum
1346 541 1410 595 et
1451 530 1679 611 multa,
1728 554 1892 618 quae
1937 535 2021 597 sit
2064 534 2529 598 contrarietatis

312 633 519 709 notio,
567 651 735 717 quae
778 636 907 697 sint
940 656 1180 722 genere
1215 635 1323 700 vel
1358 639 1575 720 specie
1608 635 1877 714 diversa,
1923 658 2086 722 quae
2120 635 2327 702 media
2363 638 2532 702 inter

314 738 639 799 contraria
684 750 987 821 exponat,
1043 750 1107 803 et
1153 738 1307 803 alias
1354 738 1653 824 quasdam
1700 742 2108 825 quaestiones
2153 739 2252 805 his
2298 761 2530 828 cogna-

316 847 412 901 tas
473 836 820 926 diligenter
876 852 945 906 et
1003 852 1186 907 acute
1231 852 1594 930 pertractet.
1643 878 1723 894 -
1782 844 1888 907 De
1931 844 2337 910 Aristotellca
2385 843 2529 910 libri

318 943 576 1028 origine
623 963 832 1028 neque
878 966 953 1009 ex
997 950 1372 1012 auctoritate
1417 958 1700 1011 veterum
1747 950 2163 1034 interpretum
2207 969 2417 1034 neque
2456 970 2531 1011 ex

314 1048 451 1130 ipsa
497 1044 649 1109 libri
696 1059 917 1113 natura
964 1048 1090 1115 ulla
1136 1051 1345 1137 repeti
1391 1061 1606 1137 potest
1651 1049 1995 1126 dubitarim
2048 1062 2113 1115 et
2156 1050 2237 1115 ad
2269 1055 2529 1137 primam

315 1148 575 1235 quidem
633 1149 1103 1239 philosophiam
1161 1156 1484 1241 pertinere
1532 1174 1638 1218 eas
1684 1157 2118 1240 quaestiones,
2176 1157 2243 1220 in
2302 1153 2531 1240 quihus

314 1252 726 1318 instituendis
773 1255 874 1318 hic
918 1256 1080 1320 liber
1115 1269 1418 1334 versatur,
1463 1256 1862 1324 inaiiiiestum
1902 1269 2015 1323 est.
2086 1258 2333 1322 Primae
2366 1258 2531 1321 enim

312 1356 771 1443 philosophiae
818 1368 916 1422 est
960 1380 1073 1424 ens
1120 1381 1516 1450 cognoscere
1553 1373 1863 1448 quatenus
1902 1371 2000 1426 est
2035 1383 2176 1438 ens;
2226 1364 2402 1447 atqui
2433 1380 2532 1425 re-

317 1464 613 1546 ciprocas
659 1464 827 1525 inter
870 1482 940 1527 se
985 1484 1128 1529 esse
1173 1468 1340 1530 entis
1385 1477 1452 1530 et
1497 1468 1755 1530 unitatis
1799 1468 2101 1532 notiones
2146 1469 2211 1529 in
2250 1467 2395 1551 ipso
2442 1468 2533 1531 in·

315 1569 519 1629 troitu
550 1564 1141 1650 Metaphysicorum
1182 1568 1249 1632 Γ
1276 1570 1320 1634 2
1366 1570 1690 1654 exposuit3
1737 1588 1894 1657 ergo
1940 1567 2222 1633 eiusdem
2270 1578 2367 1633 est
2409 1571 2534 1654 pri-

313 1686 462 1732 mae
507 1667 986 1754 philosophiae,
1039 1670 1297 1739 unitatis
1355 1675 1688 1736 notionem
1747 1685 1812 1737 et
1867 1692 2028 1758 quae
2074 1694 2214 1737 cum
2261 1692 2334 1736 ea
2382 1692 2531 1739 con·

314 1775 536 1836 iuncta
583 1782 734 1835 sunt
776 1775 1177 1860 investigare.
1244 1775 1457 1861 Atque
1491 1775 1899 1841 Aristotelem
1932 1774 2183 1861 quidem
2215 1796 2296 1840 eo
2327 1779 2533 1841 consi—

314 1875 415 1940 lio
457 1872 632 1939 hunc
674 1874 906 1939 librum
952 1877 1002 1941 Ι
1039 1879 1388 1962 scripsisse,
1443 1889 1516 1944 ut
1571 1901 1709 1945 cum
1756 1879 1936 1945 libris
1981 1891 2167 1944 antea
2211 1879 2533 1966 dispositis

317 1976 791 2044 ΑΒΓΕΖΗΘ
833 2001 956 2044 una
998 1990 1063 2045 ct
1098 1985 1396 2045 continua
1434 1988 1601 2047 serie
1635 1987 2085 2061 contineretur,
2130 2004 2265 2049 non
2298 1986 2533 2070 impro-

315 2082 626 2147 babiliter
669 2085 973 2147 coniicias
1015 2104 1091 2148 ex
1135 2087 1318 2150 initio
1352 2089 1580 2172 capitis
1611 2086 1901 2151 secundi:
1945 2079 2115 2150 κατὰ
2159 2088 2230 2152 δὲ
2263 2084 2387 2168 τὴν
2421 2084 2532 2153 οὐ·

319 2190 480 2253 σίαν
524 2188 637 2250 καὶ
683 2179 802 2264 τὴν
849 2182 1050 2275 φύσιν
1089 2187 1400 2267 ζητητέον
1432 2195 1722 2272 ποτέρως
1755 2193 1897 2275 ἔχει,
1941 2183 2256 2277 καθάπερ
2289 2196 2360 2256 ἐν
2392 2199 2535 2268 τοῖς

319 2285 819 2375 διαπορήμασιν
877 2285 1264 2374 ἐπήλθομεν
1319 2295 1386 2356 τί
1436 2287 1518 2357 τὸ
1575 2299 1645 2358 ἔν
1702 2298 1838 2358 ἐστι
1895 2294 2006 2358 καὶ
2061 2295 2199 2369 πῶς
2244 2294 2343 2358 δεῖ
2383 2296 2532 2380 περὶ

319 2390 532 2458 αὐτοῦ
565 2392 797 2475 λαβεῖν
833 2394 1003 2475 κτλ.,·
1046 2392 1385 2460 manifesto
1424 2399 1590 2460 enim
1629 2399 1886 2483 respicit
1921 2399 2358 2482 quaestionem
2395 2416 2531 2463 eam

320 2517 488 2584 quae
546 2497 893 2582 disceptata
952 2508 1053 2561 est
1107 2498 1174 2562 B
1216 2501 1278 2564 4.
1330 2501 1541 2565 loma
1588 2504 1895 2579 4-1125,
1955 2521 2164 2586 neque
2219 2511 2531 2587 tamquam

317 2604 583 2689 petitam
634 2621 707 2664 ex
752 2600 873 2664 alia
920 2597 1271 2687 disciplina,
1327 2604 1440 2668 sed
1486 2614 1560 2668 ut
1604 2626 1764 2689 quae
1809 2603 2089 2669 eiusdem
2135 2607 2217 2668 sit
2260 2604 2533 2691 discipli-

318 2727 449 2769 nae
495 2714 561 2769 et
605 2703 1054 2788 disputationis
1085 2708 1167 2785 ¹).
1257 2707 1387 2772 Sed
1434 2706 1587 2771 licet
1631 2706 1714 2772 de
1758 2707 2187 2793 metaphysica
2232 2708 2417 2773 huius
2459 2708 2532 2773 li·

320 2809 427 2873 hri
484 2807 796 2896 dignitate
857 2819 1108 2882 constet
1162 2822 1229 2874 et
1280 2809 1565 2877 voluisse
1610 2833 1753 2876 eum
1800 2811 2206 2876 Aristotelem
2249 2813 2532 2878 inserere

322 2916 510 2998 operi
564 2912 1013 2998 metaphysica
1068 2931 1187 2998 per
1242 2915 1440 2979 libros
1485 2916 1653 2978 A-
1677 2916 1736 2979 Θ
1779 2918 2152 2982 continuato
2194 2915 2532 3003 probabile

319 3015 635 3093 videatur,
679 3026 888 3080 tamen
934 3037 1057 3102 qua
1102 3020 1353 3083 ratione
1397 3039 1536 3083 cum
1571 3017 1698 3083 illis
1735 3020 2109 3083 coniunctus
2141 3022 2222 3084 sit
2250 3031 2317 3084 et
2344 3041 2533 3106 quem

320 3122 721 3205 potissimum
771 3119 977 3182 locum
1024 3119 1127 3184 vel
1173 3123 1371 3206 priori
1415 3122 1866 3208 disputationis
1908 3126 2088 3208 parti,
2132 3145 2254 3208 qua
2285 3121 2367 3187 de
2398 3127 2533 3188 uni·

320 3234 457 3289 tate
502 3227 802 3288 universe
847 3222 1128 3300 disserit,
1182 3224 1290 3288 vel
1333 3227 1714 3312 posteriori,
1765 3224 1874 3289 ubi
1929 3225 2178 3313 singula
2224 3223 2532 3311 quaedam

320 3330 588 3392 unitatis
635 3339 701 3392 et
742 3324 1164 3392 multitudinis
1211 3339 1275 3392 et
1319 3331 1786 3394 contrarietatis
1830 3349 2070 3416 genera
2114 3333 2532 3415 persequitur,

322 3430 608 3495 voluerit
645 3434 986 3518 assignare,
1029 3451 1114 3495 ne
1161 3428 1478 3497 levissimo
1527 3431 1778 3518 quidem
1823 3431 2064 3497 indicio
2109 3433 2533 3521 significatum

324 3543 443 3598 est.
535 3535 691 3598 Non
746 3537 1104 3599 continuari
1152 3534 1280 3599 hoc
1322 3535 1490 3602 libro
1539 3538 1973 3622 quaestionem
2019 3540 2309 3602 extremis
2353 3537 2532 3603 libris

325 3638 535 3701 ΖΗΘ
577 3640 992 3723 propositam,
1037 3639 1151 3703 sod
1196 3644 1347 3705 satis
1389 3660 1626 3728 magno
1668 3639 2006 3704 intervallo
2042 3644 2249 3727 rumpi
2282 3653 2533 3706 seuten-

321 3733 551 3806 tiamm
598 3749 978 3818 contextum,
1021 3743 1128 3807 vel
1174 3744 1386 3808 obiter
1427 3743 1669 3831 legenti
1717 3742 1920 3808 libros
1966 3753 2249 3830 apparet.
2341 3745 2535 3809 Acce-

322 3845 426 3909 dit
468 3844 642 3929 quod
689 3865 771 3908 ne
815 3848 892 3909 iis
938 3846 1191 3931 quidem
1238 3846 1396 3912 locis
1441 3847 1524 3912 ad
1555 3850 1918 3934 superiores
1951 3846 2410 3933 disputationes
2437 3869 2534 3913 re-

318 3949 547 4036 spicit,
608 3946 716 4012 ubi
762 3948 827 4013 id
870 3947 1013 4014 fieri
1057 3953 1194 4015 iure
1238 3953 1549 4036 requiras,
1605 3960 1678 4015 ut
1726 3972 1795 4014 re
1841 3973 1993 4015 vera
2039 3971 2234 4015 unum
2280 3958 2535 4016 exsistat

441 4121 507 4191 1)
542 4125 801 4178 Laudatur
822 4142 1074 4196 praeterea
1097 4127 1246 4180 ctiam
1266 4129 1392 4180 liber
1414 4131 1463 4180 Z
1485 4129 1613 4182 libro
1641 4130 1677 4180 I
1700 4144 1746 4182 2.
1777 4135 1943 4183 105³·
1971 4142 2055 4181 16:
2091 4130 2137 4179 εἰ
2162 4129 2215 4180 δὲ
2237 4133 2410 4198 μηθὲν
2433 4130 2532 4181 τῶν

320 4211 578 4266 καθόλου
618 4213 841 4265 δυνατὸν
878 4207 1067 4267 οὐσίαν
1103 4204 1250 4277 εἶναι,
1287 4213 1541 4285 καθάπερ
1579 4220 1629 4268 ἐν
1664 4223 1777 4274 τοῖς
1805 4217 1923 4287 περὶ
1956 4208 2142 4273 οὖσίας
2175 4217 2264 4266 καὶ
2292 4217 2408 4285 περὶ
2432 4213 2531 4266 voi,

322 4296 486 4357 ὄντος
523 4303 725 4370 εἴρηται
759 4295 946 4369 λόγοις,
983 4301 1045 4351 cf.
1081 4302 1145 4362 Z,
1187 4316 1272 4366 133
1313 4301 1400 4352 scd
1435 4301 1550 4352 inde
1587 4322 1693 4354 non
1728 4300 1840 4353 satis
1876 4314 2011 4351 certo
2046 4320 2328 4365 cognoscas,
2360 4315 2530 4351 utrum
2616 4360 2620 4364 ,

319 4385 516 4437 librum
538 4386 588 4436 Ζ
624 4403 683 4437 cx
717 4386 893 4438 eadem
928 4385 1183 4457 disciplina
1217 4408 1322 4441 esse
1359 4401 1409 4440 ct
1443 4389 1625 4440 codem
1654 4407 1804 4458 opere
1829 4385 2070 4440 contineri
2091 4388 2300 4440 voluerit
2321 4405 2494 4437 necne.
