3043 4973
1139 254 1218 324 Z
1259 250 1328 324 4.
1414 249 1683 326 102912.
2371 254 2516 329 307

298 428 619 512 σημαίνοι
660 428 794 493 κτλ.
885 426 1173 493 Alterum
1228 431 1424 516 igitur
1480 430 1603 494 τοῦ
1642 421 1737 512 μὴ
1779 425 1950 495 καθ’
1986 424 2151 495 αὐτὸ
2196 431 2518 516 λέγεσθαι

297 553 509 621 genus
553 533 682 598 hoc
724 543 848 626 est,
906 535 957 597 si
1015 531 1080 597 id
1128 531 1304 618 quod
1350 542 1447 597 est
1491 531 1927 599 definiendum
1974 532 2145 598 aliud
2191 534 2512 622 quidpiam

297 636 500 701 habet
553 637 677 702 sibi
733 638 1072 702 inhaerens
1118 638 1251 720 (τῷ
1295 633 1461 702 ἄλλο
1506 634 1689 721 αὐτῷ’
1728 638 2243 724 προσκεῖσθαι),
2301 660 2516 725 quem·
2592 701 2613 710 ,

297 739 642 807 admodum
701 742 895 807 homo
952 740 1136 806 albus
1189 741 1625 806 inhaerentem
1672 740 1793 805 sibi
1836 741 2033 805 habet
2075 740 2287 807 album
2334 742 2513 809 colo-

294 865 464 924 rem,
508 856 698 933 atque
741 849 795 910 is
841 849 949 933 qui
995 845 1209 910 album
1254 844 1574 910 hominem
1620 844 1890 910 definire
1933 849 2318 932 susceperit,
2376 869 2512 914 non

294 972 435 1014 rem
480 960 856 1030 concretam,
902 950 1015 1014 sed
1063 949 1359 1014 accidens
1402 948 1619 1027 modo,
1666 948 1875 1014 album
1922 949 2206 1018 colorem
2246 949 2513 1017 definie-

291 1055 409 1130 rit;
467 1063 533 1119 at
587 1055 782 1119 homo
841 1053 1025 1119 albus
1083 1064 1180 1119 est
1232 1052 1344 1118 ille
1398 1049 1683 1138 quidem.
1717 1053 1928 1118 album
1984 1054 2336 1141 quidpiam,
2395 1055 2509 1120 sed

292 1179 430 1223 non
489 1161 558 1222 in
616 1179 696 1223 eo
753 1151 1036 1224 'cernitur
1092 1161 1227 1245 ipsa
1287 1167 1510 1222 natura
1557 1155 1685 1221 albi
1730 1156 1998 1235 coloris,
2057 1156 2139 1223 οὐ
2176 1162 2402 1242 μέντοι
2446 1162 2513 1225 τί

289 1252 383 1343 ἦν
425 1261 629 1345 λευκῷ
680 1259 864 1328 εἶναι.
955 1264 1133 1327 Haec
1190 1261 1321 1329 duo
1380 1281 1623 1349 genera
1678 1261 1800 1326 τοῦ
1850 1256 1944 1344 μὴ
1989 1259 2155 1327 καθ’
2195 1258 2360 1330 αὐτὸ
2406 1265 2511 1328 λέ-

289 1366 547 1450 γεσθαι
601 1376 934 1453 antequam
992 1378 1060 1431 et
1115 1365 1420 1431 describit
1474 1367 1849 1431 accuratius
1888 1376 1953 1431 et
2008 1366 2313 1454 exemplis
2368 1366 2508 1433 illu·

288 1479 481 1548 strat,
539 1470 638 1536 his
679 1470 891 1536 verbis
938 1471 1270 1559 distinguit
1307 1471 1466 1535 ⁶30:
1523 1471 1639 1534 καὶ
1688 1465 1925 1535 τούτου
1967 1472 2106 1535 ἐστὶ
2148 1464 2227 1535 ‘td
2273 1472 2395 1555 μὲν
2438 1476 2510 1536 ἐκ

286 1575 749 1662 προσθέσεως,
806 1567 888 1639 τὰ
935 1575 1004 1639 δὲ
1048 1569 1145 1640 οὔ.
1235 1574 1548 1638 Nimirum
1606 1577 1677 1638 ἐκ
1720 1575 2150 1658 προσθέσεως
2193 1573 2354 1639 illud
2401 1597 2510 1662 ap·

286 1677 521 1766 pellat,
584 1701 773 1765 quum
837 1677 1273 1744 definiendum
1333 1687 1431 1742 est
1485 1677 1812 1757 accidens,
1879 1688 1945 1743 at
1996 1678 2065 1742 in
2127 1676 2508 1748 definitione

288 1779 684 1871 adiungitur,
730 1785 1198 1870 προστίθεται,
1247 1781 1410 1847 illud
1455 1780 1749 1846 accidens
1793 1780 2217 1857 substantiam
2273 1778 2395 1847 cine
2436 1786 2509 1847 ἐκ

286 1890 725 1983 προσθέσεως
780 1886 1044 1953 alterum
1103 1885 1257 1951 dicit
1311 1907 1546 1975 genus,
1604 1909 1793 1974 quum
1853 1885 1921 1952 id
1982 1885 2156 1972 quod
2203 1884 2508 1951 definitur

290 2001 393 2057 est
435 1991 688 2078 quidem
733 1995 805 2056 ὲκ
846 1991 1305 2078 προσθέσεως,
1348 1994 1390 2055 i.
1423 2011 1476 2055 e.
1523 2012 1629 2055 res
1674 1999 1993 2069 concreta,
2036 1988 2152 2054 sed
2200 1988 2508 2056 definitur

286 2107 605 2182 tamquam
651 2091 768 2160 οὐκ
803 2100 874 2159 ἐκ
909 2096 1354 2180 προσθέσεως,
1399 2095 1462 2159 h.
1493 2115 1548 2159 e.
1589 2105 1902 2180 tamquam
1939 2093 2149 2160 solum
2187 2094 2505 2160 accidens.

285 2203 420 2266 Iam
466 2200 653 2265 facile
697 2210 988 2286 apparet,
1047 2202 1256 2265 neutri
1313 2199 1540 2264 horum
1593 2219 1900 2287 generum
1947 2201 2317 2264 necessario
2365 2219 2507 2264 esse

284 2304 770 2382 subiiciendum,
823 2307 877 2368 si
922 2306 1060 2389 quis
1104 2297 1182 2369 τὸ
1226 2325 1340 2383 τηε
1385 2307 1480 2368 rei
1525 2326 1646 2390 per
1686 2301 1985 2368 accidens
2030 2301 2351 2389 quoddam
2399 2302 2506 2369 de·

286 2413 662 2475 terminatae
706 2410 1063 2494 susceperit
1106 2406 1407 2484 definire3
1459 2418 1676 2473 manet
1717 2410 1910 2497 igitur
1955 2409 2143 2471 etiam
2187 2427 2358 2472 nunc
2404 2428 2507 2472 ea-

257 2514 451 2594 dem,
499 2537 681 2602 quam
729 2524 795 2578 et
839 2523 988 2577 ante
1031 2516 1252 2598 posuit
1296 2522 1362 2577 et
1404 2533 1577 2578 nunc
1620 2512 1701 2577 ad
1740 2533 1877 2577 eam
1913 2514 2268 2589 revertitur,
2315 2532 2506 2598 quae·

282 2622 414 2685 stio
447 2620 613 2685 1123:
651 2610 824 2683 ἀλλὰ
852 2619 945 2699 τῷ
976 2618 1217 2701 ἱματίῳ
1249 2611 1417 2682 εἶναι
1443 2607 1556 2703 ἆρ’
1587 2619 1725 2682 ἔστι
1750 2617 1818 2680 τί
1848 2606 1934 2696 ἦν
1969 2610 2141 2680 εἶναι
2168 2637 2237 2678 τι
2270 2610 2471 2696 ὅλωςς

421 2721 552 2787 Sed
597 2722 749 2809 quid
794 2724 1057 2787 omnino
1094 2721 1405 2785 distinctis
1446 2720 1545 2785 his
1585 2719 1837 2784 duobus
1876 2716 2212 2805 generibus
2249 2718 2372 2783 τοῦ
2409 2711 2503 2801 μὴ

279 2823 455 2893 καθ’
494 2820 659 2892 atro*
704 2828 1025 2910 λέγεσθαι
1068 2825 1148 2890 ad
1198 2846 1335 2890 eam
1385 2845 1548 2903 rem,
1594 2823 1676 2888 de
1714 2845 1839 2909 qua
1875 2824 2332 2910 quummaxime
2370 2824 2505 2910 agi·

285 2942 409 3010 tur,
454 2932 732 3018 profecit
777 2928 1193 2995 Aristoteles?
1270 2930 1411 2994 Nisi
1459 2927 1653 2993 fallor
1695 2926 1949 2993 dicendi
1994 2927 2265 3015 quadam
2308 2925 2505 2990 ambi-

281 3039 534 3124 guitate
579 3035 884 3121 deceptus
923 3031 1184 3101 abduxit
1211 3037 1428 3120 potius
1468 3056 1504 3097 a
1536 3031 1847 3098 solvenda
1880 3034 2272 3119 quaestione,
2318 3051 2504 3116 quam

284 3138 371 3205 ad
418 3163 553 3204 eam
600 3137 936 3225 quidquam
983 3136 1210 3201 attulit.
1303 3138 1576 3224 Quaerit
1634 3140 1797 3201 enim
1856 3157 2117 3223 quarum
2163 3156 2375 3200 rerum
2421 3138 2505 3199 sit

278 3237 365 3309 τὰ
412 3266 525 3324 τηε
571 3265 832 3330 quarum
878 3261 1028 3319 non,
1077 3248 1144 3306 et
1187 3243 1267 3307 ad
1312 3240 1687 3307 solvendam
1722 3261 1857 3305 eam
1893 3243 2332 3326 quaestionem
2369 3237 2501 3303 duo

284 3346 478 3412 affert
520 3345 868 3412 definiendi
913 3349 1085 3425 vitia,
1131 3346 1398 3411 alterum
1432 3367 1623 3432 quum
1658 3347 1726 3409 in
1764 3341 2134 3409 definiendo
2165 3341 2501 3407 accidente

227 3458 230 3461 ’
282 3450 674 3516 substratum
719 3450 884 3515 falso
931 3450 1268 3515 adhibetur
1313 3449 1395 3514 ad
1452 3448 1923 3527 definitionem,
1984 3448 2249 3512 alterum
2309 3466 2503 3532 quum

281 3560 355 3621 in
400 3554 763 3620 definienda
811 3576 882 3619 re
926 3564 1229 3620 concreta
1274 3555 1626 3621 subiectum
1659 3553 1847 3618 -falso
1900 3554 2228 3621 omittitur.
2320 3550 2502 3636 Quid

281 3661 414 3724 hoc
457 3659 539 3724 ad
587 3658 1046 3725 describendos
1108 3680 1222 3724 eos
1276 3659 1472 3738 fines,
1530 3660 1694 3723 intra
1754 3678 1916 3744 quos
1975 3659 2239 3723 omnino
2300 3657 2504 3721 conti-

278 3772 512 3829 neatur
555 3759 631 3829 τὸ
680 3767 742 3829 τί
785 3752 871 3843 ἦν
914 3761 1128 3829 elnac?
1216 3764 1474 3829 Scilicet
1529 3762 1636 3827 illa
1694 3765 1848 3827 vitia
1903 3760 2285 3841 definiendi,
2344 3781 2499 3846 quo-

280 3871 451 3933 niam
497 3890 600 3933 res
646 3867 1014 3933 definienda
1060 3888 1194 3932 non
1240 3866 1544 3933 definitur
1586 3871 1725 3954 ipsa
1766 3865 1973 3952 qualis
2014 3876 2128 3944 est,
2181 3864 2501 3953 significa-

278 3975 376 4036 vit
412 3970 680 4037 formula
718 3974 838 4037 τοῦ
873 3965 966 4057 μὴ
1004 3969 1169 4036 καθ’
1205 3964 1370 4037 αὐτὸ
1407 3971 1749 4054 λέγεσθαι,
1792 3981 1987 4056 atque
2014 3990 2089 4034 ex
2120 3969 2499 4034 definitione

276 4076 407 4140 τοῦ
445 4076 511 4139 τί
548 4065 634 4154 ἦν
669 4073 835 4141 εἶναι
869 4085 1148 4162 apparet,
1194 4095 1328 4138 non
1364 4095 1501 4138 esse
1534 4068 1615 4139 τὸ
1652 4096 1765 4153 τηε
1805 4076 1929 4138 nisi
1966 4075 2099 4139 τῶν
2132 4071 2298 4138 καθ’
2332 4066 2498 4138 αὑτὸ

280 4250 672 4314 προσκεῖσθαι,
718 4262 810 4295 nec
854 4257 1018 4313 potest
1060 4263 1087 4294 e
1135 4242 1473 4313 superioribus
1519 4241 1680 4292 verbis
1724 4256 1856 4300 recte
1893 4242 2071 4312 repeti,
2117 4262 2211 4293 nec
2255 4240 2296 4292 si
2332 4253 2500 4310 posset

279 4342 452 4399 aptam
497 4328 715 4407 efficeret
759 4329 1074 4391 sententiam,
1124 4328 1370 4399 siquidem
1413 4328 1481 4380 ita
1526 4329 1774 4380 diceretur
1818 4329 2089 4380 substantia
2138 4331 2501 4397 προσκεῖσθαι

280 4413 541 4476 accidenti,
578 4435 735 4484 quum
772 4415 938 4485 potius
975 4414 1199 4468 accidens
1235 4415 1506 4468 dicendum
1542 4414 1604 4466 sit
1638 4421 2002 4486 προσκεῖσθαι
2039 4412 2355 4465 substantiae.

1983 4500 2093 4554 20·
