3043 4973
572 229 717 306 342
1379 233 1454 302 Ζ
1503 228 1614 302 12.
1699 226 1883 302 1037
1902 228 1965 299 b.

571 428 780 472 rerum
825 407 1399 472 mathematica-rum
1442 407 1702 471 materia
1749 404 1826 470 cf.
1875 404 1954 469 ad
1999 403 2103 468 10.
2143 404 2352 468 10364
2383 404 2500 478 11;
2544 396 2766 478 κύκλος

573 505 880 576 καθόλου
921 549 1009 561 -
1052 509 1217 577 καθ’
1257 516 1520 588 ἕκαστα,
1565 510 1645 574 cf.
1692 512 1794 574 10.
1844 510 2054 574 1035a
2085 509 2173 571 34
2216 528 2352 593 sqq.
2401 543 2487 558 --
2527 508 2608 569 al
2660 506 2768 568 καὶ

570 608 821 691 παντὸς
862 617 996 679 κτλ.
1087 613 1275 697 Quae
1317 615 1513 678 verba
1558 613 1795 678 Brand.
1845 623 1909 678 et
1953 611 2156 678 Bekk.
2204 596 2276 675 ei
2321 630 2454 675 uno
2502 609 2642 674 cod.
2685 606 2769 672 Ab

573 720 640 784 in
684 728 918 782 textum
964 729 1364 803 receperunt,
1410 739 1500 795 ea,
1553 720 1849 803 quoniam
1897 717 2437 801 interpretationis
2481 713 2771 778 videntur

574 824 852 906 speciem
917 822 1186 896 referre,
1257 824 1567 907 repetitae
1632 820 1905 885 fortasse
1973 842 2009 883 e
2078 821 2529 886 commentario
2599 816 2770 883 Alex.

573 949 636 1013 p.
669 927 817 1003 483,
860 928 965 1004 30,
1010 928 1257 990 uncinis
1301 924 1687 990 secludenda
1732 927 1968 1011 putavi.

567 1069 594 1098 -.-
648 1093 652 1104 ,
710 1031 921 1095 10370
964 1032 1048 1095 10
1091 1024 1444 1114 πότερον
1492 1065 1572 1082 -
1618 1030 1708 1093 20
1750 1025 2111 1114 ὕστερον.
2203 1025 2522 1110 Quoniam
2571 1025 2775 1089 adbuc

576 1131 658 1200 de
696 1136 774 1197 iis
815 1132 1187 1200 notionibus
1226 1131 1589 1217 disputavit,
1634 1153 1796 1218 quae
1835 1154 1972 1196 cum
2012 1130 2298 1196 sensibili
2337 1132 2597 1194 materia
2639 1147 2774 1191 coa-

575 1236 862 1315 luerunt,
920 1239 1355 1322 quaestionem
1413 1256 1749 1321 superesse
1808 1234 1960 1300 dicit
2015 1235 2162 1324 huic
2219 1232 2590 1319 disciplinae
2633 1252 2775 1317 pro-

576 1342 808 1425 priam,
876 1364 1022 1406 num
1091 1361 1257 1424 quae
1325 1340 1451 1403 sint
1514 1343 1815 1403 notiones
1883 1361 2000 1425 per
2060 1360 2131 1403 se
2190 1349 2256 1403 et
2313 1335 2636 1412 absolute,
2704 1333 2777 1398 cf.

586 1444 643 1509 Θ
675 1447 776 1510 10.
822 1448 897 1510 A
911 1472 931 1526 ς
976 1445 1137 1510 haec
1181 1446 1345 1508 enim
1394 1446 1681 1527 quaestio
1729 1465 1856 1528 quo
1904 1442 2151 1510 facilius
2196 1441 2521 1506 dirimatur
2565 1439 2688 1520 (cf.
2719 1440 2777 1503 3.

579 1550 790 1614 1029a
821 1551 946 1629 33)
993 1547 1075 1613 de
1119 1549 1309 1612 rebus
1356 1569 1495 1611 cum
1543 1550 1801 1611 materia
1848 1549 2163 1610 concretis
2207 1547 2529 1631 hucusque
2571 1542 2780 1629 dispu-

577 1662 771 1718 tatum
822 1675 977 1731 esse,
1027 1675 1184 1738 quas
1228 1654 1617 1738 investigare
1661 1651 1964 1737 physicae
2008 1654 2219 1736 potius
2266 1652 2349 1713 sit
2395 1645 2779 1732 disciplinae.

578 1794 667 1806 —
709 1759 843 1821 «117
891 1759 1006 1835 τῆς
1049 1750 1218 1820 κατὰ
1257 1749 1375 1819 τὸν
1411 1751 1630 1838 λόγον,
1676 1756 1753 1818 cf.
1801 1754 1879 1818 ad
1912 1756 1981 1819 E
2007 1756 2064 1817 1.
2098 1755 2301 1819 102511
2330 1754 2434 1818 27.
2465 1789 2554 1800 -
2600 1752 2781 1815 Prae-

577 1870 751 1924 terea
796 1881 985 1946 quum
1032 1880 1106 1921 ex
1150 1858 1440 1945 pluribus
1485 1858 1770 1944 partibus
1819 1880 2004 1922 unam
2051 1858 2192 1922 ficri
2237 1861 2568 1922 notionem
2607 1854 2783 1919 intel-

576 1962 808 2029 lectum
855 1966 952 2041 sit,
996 1964 1334 2047 quaeritur,
1380 1962 1707 2048 quomodo
1755 1963 1873 2026 hae
1918 1962 2132 2049 plures
2168 1972 2381 2047 partes
2419 1983 2614 2026 unum
2655 1958 2782 2024 effi-

579 2070 764 2144 ciant,
810 2066 981 2151 quod
1027 2069 1316 2152 proximo
1367 2070 1572 2152 capite
1621 2070 1952 2141 excutitur;
2002 2077 2068 2130 et
2103 2088 2291 2151 quum
2331 2068 2634 2131 unitatem
2673 2082 2784 2127 no·

579 2173 773 2236 tionis
822 2191 895 2232 ex
941 2173 1032 2232 rei
1081 2173 1318 2233 unitate
1363 2174 1569 2255 repeti
1616 2181 2117 2234 consentaneum
2156 2173 2264 2247 sit,
2322 2168 2544 2232 eadem
2598 2187 2783 2253 quae·

578 2276 702 2338 stio
763 2272 846 2337 de
902 2276 1038 2359 ipsa
1095 2292 1166 2335 re
1224 2275 1444 2336 oritur.
1537 2274 1670 2351 (Ex
1722 2275 1841 2337 hac
1883 2244 2414 2360 interpretatione
2460 2281 2524 2335 et
2571 2270 2785 2335 distin-

580 2379 857 2441 ctionem
903 2398 939 2440 a
986 2374 1285 2441 Bekkero
1332 2378 1679 2441 institutam
1722 2381 1872 2453 «119,
1918 2381 2037 2457 20,
2095 2388 2157 2443 et
2211 2384 2544 2441 accentum
2599 2394 2781 2459 pron.

579 2482 709 2548 τίνι
750 2481 887 2548 «120
934 2483 1229 2563 mutavi.)
1317 2481 1472 2545 Eam
1515 2504 1649 2546 rem
1694 2483 2041 2569 investigat
2082 2484 2172 2547 H
2209 2484 2269 2546 6.

712 2588 923 2651 10370
961 2587 1043 2649 21
1093 2585 1169 2649 τί
1212 2587 1354 2668 μὲν
1403 2623 1483 2636 -
1523 2589 1602 2651 ὂ7
1651 2581 2192 2670 συμβεβηκός.
2283 2587 2510 2649 Paucis
2555 2586 2620 2647 in
2669 2602 2785 2646 me·

577 2693 840 2756 moriam
885 2700 1175 2767 revocat,
1234 2711 1396 2774 quae
1442 2689 1592 2753 inde
1640 2711 1674 2752 a
1722 2701 1948 2775 quarto
1996 2690 2180 2754 liuius
2225 2689 2370 2753 libri
2415 2690 2623 2773 capite
2672 2686 2785 2750 dis-

580 2804 797 2880 putata
843 2805 1009 2858 sunt.
1092 2794 1225 2856 1⁸21
1277 2795 1339 2857 τί
1387 2831 1465 2845 --
1514 2796 1602 2858 22
1649 2792 1915 2876 εἴρηται,
1961 2795 2038 2858 cf.
2088 2815 2221 2878 cap.
2263 2796 2323 2856 4.
2375 2829 2454 2842 —-
2500 2792 2637 2854 «122
2684 2790 2787 2854 καὶ

580 2890 691 2962 διὰ
734 2898 800 2960 τί
841 2937 918 2948 —-
962 2898 1049 2960 26
1096 2891 1391 2974 συνόλης,
1437 2896 1516 2960 cf.
1549 2919 1686 2982 cap.
1714 2901 1815 2975 10,
1850 2900 1951 2962 ll.
2003 2936 2082 2948 —
2124 2898 2257 2963 «126
2303 2890 2544 2972 ταύτης
2582 2931 2671 2943 —-
2705 2895 2784 2958 29

581 2995 805 3079 λόγος,
853 3000 931 3063 cf.
981 3000 1085 3062 10.
1134 2999 1342 3065 10364
1381 3002 1424 3065 2
1470 3021 1604 3085 sqq.
1655 3035 1734 3049 -
1780 3003 1918 3066 1130
1963 3006 2031 3064 ἐκ
2076 2993 2205 3084 γὰρ
2254 3037 2334 3049 -
2382 3001 2469 3064 33
2512 2995 2667 3076 ὕλη,
2715 2997 2785 3061 cf.
2850 3032 2855 3037 ·

539 3136 540 3139 ¹
580 3126 718 3189 cap.
756 3105 818 3168 5.
869 3141 949 3154 —
1001 3103 1136 3167 0133
1182 3104 1293 3167 καὶ
1338 3098 1441 3167 ὅτι
1490 3141 1571 3154 -
1619 3105 1702 3168 ῠ5
1749 3101 1830 3168 οὐ
1873 3100 2105 3180 ταύτό,
2168 3102 2245 3167 cf.
2300 3124 2436 3187 cap.
2473 3105 2534 3166 6.
2584 3139 2667 3152 -
2709 3103 2785 3164 ὃὸ

580 3204 722 3273 οὐδ’
764 3200 895 3273 ὅσα
939 3244 1024 3257 —-
1074 3210 1110 3272 7
1159 3203 1590 3292 συμβεβηκός,
1637 3206 1715 3271 cf.
1763 3211 1823 3272 6.
1873 3210 2081 3273 1031a
2120 3206 2424 3273 19—28.
2473 3241 2558 3255 -·
2605 3205 2788 3290 Quae

584 3334 621 3376 e
664 3321 838 3377 textu
881 3310 1296 3376 Bekkeriano
1342 3315 1594 3390 mutavi,
1637 3314 1718 3385 bl
1768 3305 1936 3377 εἶναι
1978 3312 2113 3376 καὶ
2161 3314 2453 3386 ἕκαστον,
2491 3312 2576 3373 ῠ4
2619 3306 2786 3398 ὕλῃ,

580 3418 662 3480 ῠ5
709 3412 852 3480 οὐδ’
894 3411 1080 3494 ὅσα,
1127 3437 1203 3480 ea
1250 3416 1691 3481 commendavi
1719 3416 1882 3481 obs.
1929 3439 1995 3501 p.
2026 3417 2332 3481 95—97.
2398 3414 2527 3476 Pro
2558 3437 2617 3477 v.
2650 3408 2790 3487 ὅσα,

583 3518 759 3605 quod
800 3522 889 3584 125
934 3523 1188 3598 inserui,
1233 3519 1741 3586 Winckelmann
1779 3523 1846 3584 in
1884 3541 2151 3584 censura
2186 3517 2389 3583 libelli
2421 3518 2545 3580 mei
2586 3515 2789 3597 (Jahn

579 3622 801 3688 Jahrb.
835 3625 1029 3689 1843.
1077 3626 1182 3702 39,
1213 3624 1273 3687 3.
1306 3646 1369 3708 p.
1403 3625 1574 3704 288)
1621 3622 2118 3711 probabiliorem
2167 3643 2308 3686 esse
2351 3630 2532 3707 putat
2574 3622 2791 3685 articu-

584 3726 714 3791 lum
759 3721 865 3805 τά,
912 3730 998 3792 ita
1044 3737 1116 3791 ut
1159 3725 1504 3791 scribatur:
1550 3722 1698 3791 οὐδὲ
1741 3720 1825 3790 τὰ
1872 3720 2042 3790 κατὰ
2089 3725 2285 3810 συμβ.
2368 3714 2375 3724 ’

1460 3985 1689 4060 CAP.
1756 3985 1929 4060 XII.

727 4131 865 4209 Qui
883 4132 1028 4219 fiat
1071 4140 1143 4195 ut
1187 4153 1385 4196 unum
1426 4133 1517 4195 sit
1560 4131 1638 4194 id
1678 4133 1864 4196 cuius
1909 4131 2207 4220 definitio
2253 4125 2526 4218 ὁρισμός
2571 4138 2685 4193 eal.

623 4282 629 4288 ·
719 4249 1135 4314 Definitionis
1182 4253 1483 4314 unitatem
1532 4254 1830 4333 quoniam
1877 4250 2290 4337 repetendam
2342 4270 2481 4312 esse
2526 4247 2680 4313 dixit
2722 4264 2789 4308 ex

587 4356 833 4419 unitate
880 4356 1015 4419 eius
1058 4356 1152 4420 rei
1197 4375 1361 4440 quae
1400 4352 1762 4433 definiatur,
1806 4355 1884 4421 cf.
1926 4357 2028 4419 11.
2069 4355 2277 4421 1037α
2304 4355 2405 4432 19,
2448 4354 2571 4416 iam
2610 4370 2788 4438 quae-
