3043 4973
502 208 598 283 44
1346 212 1423 284 A
1478 185 1556 283 ιζ
1616 209 1754 284 981
1781 209 1844 284 b.

501 385 625 450 Ars
671 386 970 471 quoniam
1015 363 1390 474 cog‘nitione
1433 385 1789 473 perficitur,
1843 385 2008 453 tradi
2062 383 2408 470 docerique
2463 393 2708 471 potest3

501 490 773 553 vicissim
817 488 969 553 inde
1014 489 1192 576 quod
1233 500 1451 577 potest
1491 504 1596 554 ars
1642 490 1892 570 doceri,
1937 491 2326 575 experientia
2370 506 2529 552 vero
2573 509 2711 553 non

449 593 455 599 ’
500 602 734 677 potest,
778 593 1079 659 concludi
1124 593 1291 673 licet,
1336 597 1457 659 arti
1499 599 1716 680 potius
1763 617 1947 681 quam
1994 595 2423 680 experientiae
2465 593 2714 660 sciendi

502 694 755 761 laudem
802 718 942 762 esse
985 698 1448 787 assignandam,
1493 699 1573 763 cf.
1616 698 1773 763 Plat.
1810 699 2012 763 Alcib.
2057 697 2107 763 1.
2152 721 2217 784 p.
2251 692 2461 762 118d=
2505 691 2714 764 καλόν

502 794 716 878 δήπου
771 795 1120 886 τεκμήριον
1174 804 1305 869 τῶν
1363 806 1814 887 ἐπισταμένων
1858 799 2110 879 ὁτιοῦν,
2164 795 2268 867 ὅτι
2310 801 2715 879 ἐπίστανται,

501 897 767 969 ἐπειδᾶν
820 904 935 969 καὶ
991 898 1197 970 ἄλλον
1242 901 1377 971 οἶοί
1419 928 1488 970 τε
1534 895 1695 972 ὦσιν
1737 902 2085 984 ἀποδεῖξαι
2126 899 2580 988 ἐπιστάμενον.
2632 940 2711 957 -

424 1016 437 1031 '
501 1008 582 1071 119
627 1001 944 1073 δύνανται
977 1003 1123 1091 γάρ,
1171 1012 1234 1074 οἱ
1279 1009 1350 1074 δὲ
1386 1005 1466 1073 οὐ
1501 1005 1821 1074 δύνανται
1863 1004 2211 1076 διδάσκειν.
2290 1007 2551 1073 Plenius
2589 1007 2716 1072 dici

500 1119 756 1195 poterat
799 1114 875 1176 οἱ
919 1113 1064 1197 μὲν
1105 1105 1235 1199 γὰρ
1282 1114 1437 1192 (int.
1484 1116 1550 1178 οἱ
1589 1113 1916 1197 τεχνῖται)
1963 1108 2295 1191 δύνανται,
2340 1115 2403 1177 οἱ
2448 1112 2517 1177 δὲ
2562 1114 2715 1190 (int.

503 1215 569 1279 οἱ
612 1214 944 1302 ἔμπειροι)
989 1212 1069 1280 οὐ
1114 1211 1431 1282 δύνανται
1475 1211 1823 1281 διδάσκειν.
1915 1215 2217 1282 Eiusdem
2270 1214 2719 1301 breviloquen-

502 1319 630 1382 tiae
676 1316 960 1404 exempla
1007 1319 1216 1385 attulit
1263 1322 1519 1408 Kriiger
1561 1342 1656 1408 gr.
1705 1319 1822 1386 Gr.
1868 1318 1924 1405 §.
1958 1323 2060 1398 50,
2110 1322 2169 1385 1.
2218 1320 2292 1384 A.
2336 1322 2439 1385 12.

634 1422 797 1484 981ῠ
837 1423 882 1486 9
927 1423 1039 1487 ἔτι
1085 1423 1165 1489 δὲ
1209 1426 1362 1491 τῶν
1406 1419 1891 1502 αἰσθήσεων
1939 1460 2021 1474 -
2071 1425 2155 1489 13
2203 1417 2331 1488 ὅτι
2368 1415 2714 1508 θερμόν.

504 1520 757 1589 Cansae
802 1525 868 1588 in
912 1528 1286 1613 cognitione
1330 1531 1482 1592 artis
1530 1549 1605 1591 ac
1649 1529 1951 1592 scientiae
1988 1529 2162 1591 cerni
2199 1525 2568 1614 dignitatem
2606 1546 2717 1611 ap-

503 1648 729 1712 parere
773 1626 928 1693 dicit
964 1651 1038 1694 ex
1069 1635 1551 1718 comparatione
1583 1652 1899 1696 sensuum.
1966 1632 2217 1695 Etenim
2248 1650 2549 1696 sensuum
2577 1650 2718 1714 per-

504 1734 868 1820 ceptiones,
926 1735 1071 1818 quia
1128 1757 1337 1820 neque
1396 1735 1758 1799 universale
1802 1734 2138 1822 quidquam
2185 1737 2554 1819 concipiunt
2594 1754 2719 1797 nec

505 1857 725 1903 causas
771 1839 1166 1922 perspiciunt
1206 1838 1328 1917 (cf.
1362 1837 1547 1902 Anal.
1593 1849 1759 1923 post.
1799 1841 1829 1904 1
1874 1840 2019 1920 31),
2064 1840 2413 1924 sapientiae
2455 1839 2716 1903 nomine

502 1940 815 2027 insignire
852 1961 1042 2006 nemo
1075 1940 1321 2006 inducit
1348 1943 1640 2019 animum,
1682 1964 2054 2028 quamquam
2086 1964 2294 2007 rerum
2324 1941 2716 2029 singularum

503 2062 728 2106 sensus
774 2053 923 2108 sunt
965 2040 1463 2131 κυριώταται
1510 2039 1805 2128 γνώσεις,
1860 2045 1924 2111 h.
1965 2067 2020 2110 e.
2079 2066 2281 2132 penes
2337 2066 2562 2110 sensus
2619 2054 2718 2109 est

506 2143 589 2209 de
630 2144 823 2209 rebus
870 2146 1138 2234 singulis
1184 2170 1260 2212 ac
1302 2146 1708 2213 sensibilibus
1752 2149 2031 2214 iudicare
2077 2160 2142 2214 et
2179 2149 2524 2214 decernere
2560 2146 2716 2234 quid

503 2251 603 2331 sit¹
630 2271 877 2329 verum,
918 2250 1075 2335 quid
1120 2272 1328 2330 secuS,
1375 2250 1454 2315 cf.
1487 2251 1558 2315 Γ
1580 2253 1640 2315 5.
1685 2253 1886 2319 lolob
1923 2255 2034 2318 12:
2092 2249 2172 2318 οὐ
2215 2248 2428 2332 δήπου
2471 2248 2718 2336 ὁμοίως

502 2355 699 2439 κυρία
742 2351 783 2432 ἡ
830 2353 951 2418 τοῦ
995 2356 1226 2438 ἰατροῦ
1266 2350 1433 2434 δόξα
1478 2351 1663 2434 καὶὴ
1696 2357 1815 2421 τοῦ
1842 2353 2261 2439 ἀγνοοῦντος.
2307 2354 2389 2420 de
2416 2377 2622 2421 somn.
2651 2356 2715 2419 2.

506 2457 667 2523 460⁶
701 2450 814 2523 21:
860 2461 1216 2546 κυριωτέρα
1259 2452 1388 2548 γὰρ
1424 2461 1542 2538 τῆς
1573 2454 1757 2548 ἁφῆς
1784 2455 1827 2539 ἡ
1861 2452 2037 2549 ὄψις.
2108 2458 2515 2548 singularum
2547 2461 2718 2524 enim

503 2583 712 2626 rerum
748 2570 1146 2627 externarum
1183 2566 1470 2650 cognitio
1508 2584 1644 2627 non
1691 2563 1877 2628 aliter
1917 2574 2133 2649 potest
2177 2566 2394 2649 quaeri
2440 2585 2561 2628 nec
2605 2562 2717 2630 ali·

505 2664 680 2729 unde
739 2678 837 2730 est
892 2687 1233 2751 suspensa,
1291 2670 1414 2741 nisi
1466 2690 1500 2731 a
1548 2667 1839 2732 sensibus
1896 2667 2016 2749 (cf.
2062 2669 2134 2732 A
2177 2673 2241 2733 9.
2287 2671 2455 2734 993α
2502 2670 2568 2732 7:
2624 2658 2717 2733 ὧν

504 2769 713 2833 ἐστὶν·
739 2767 1088 2848 αἴσθησις,
1146 2772 1355 2835 ταῦτα
1409 2771 1550 2846 πῶς
1605 2764 1691 2837 ἄν
1737 2793 1836 2847 τις
1876 2763 1971 2854 μὴ
2016 2771 2177 2856 ἔχων
2220 2768 2344 2851 τὴν
2388 2769 2716 2850 αἴσθησιν

504 2872 768 2955 γνοίη),
835 2875 943 2957 qui
1010 2875 1076 2936 in
1141 2874 1273 2936 suis
1341 2876 1607 2958 quisque
1679 2884 1743 2937 et
1796 2877 2073 2959 propriis
2129 2875 2323 2940 rebus
2379 2896 2718 2960 numquam

505 2973 816 3040 falluntur
870 2976 985 3040 sed
1031 2997 1248 3040 verum
1295 2976 1531 3062 ubique
1576 2988 2006 3065 cognoscunt,
2062 2978 2131 3041 Γ
2167 2980 2228 3043 5.
2277 2980 2479 3045 1οΙοῠ
2519 2981 2581 3043 2.
2632 2977 2717 3047 de

506 3081 693 3146 anim.
740 3080 803 3144 11
846 3082 909 3145 6.
2357 3155 2368 3166 .

636 3185 799 3249 9811»
834 3185 921 3249 13
964 3176 1053 3248 τὸ
1097 3186 1242 3268 μὲν
1287 3174 1433 3251 οὖν
1475 3186 1800 3272 πρῶτον
1848 3222 1929 3236 -
1969 3185 2055 3251 27
2099 3183 2531 3270 ὁμογενῶν.
2605 3185 2719 3248 Ar-

507 3298 606 3352 tes
662 3290 830 3353 inter
885 3311 957 3354 se
1009 3300 1082 3354 ut
1127 3299 1419 3378 tempore
1464 3291 1853 3354 inventionis
1897 3293 1985 3354 ita
2031 3290 2342 3377 dignitate
2385 3289 2715 3366 differunt;

507 3393 807 3456 inventae
853 3395 1018 3457 enim
1064 3397 1331 3478 primum
1382 3414 1495 3457 eae
1540 3403 1689 3458 sunt
1732 3405 1918 3472 artes,
1964 3392 2193 3479 quibus
2236 3396 2407 3459 vitae
2443 3396 2719 3458 necessi-

507 3503 668 3558 tates
697 3495 1212 3582 suppeditantur3
1259 3500 1650 3583 posteriores
1681 3509 1988 3584 tempore,
2033 3496 2149 3561 sed
2185 3497 2498 3585 dignitate
2532 3519 2719 3584 supe·

506 3601 714 3664 riores
760 3621 875 3663 eae
920 3611 1337 3678 accesserunt,
1382 3622 1545 3686 quae
1591 3599 1672 3665 ad
1716 3599 2043 3666 liberalem
2096 3604 2265 3666 vitae
2302 3601 2535 3668 cultum
2570 3623 2716 3688 per-

508 3706 738 3779 tinent3
785 3703 1063 3789 denique
1108 3714 1179 3769 ut
1220 3713 1547 3789 postremo
1595 3708 1893 3769 inventae
1938 3715 2102 3785 sunt,
2144 3708 2231 3769 ita
2262 3727 2567 3770 summum
2602 3701 2718 3772 ob-

509 3810 714 3872 tinent
757 3807 1082 3896 dignitatis
1127 3808 1393 3896 gradum
1439 3829 1556 3872 eae
1602 3818 1800 3887 artes,
1855 3831 2015 3895 quae
2074 3810 2155 3874 ab
2215 3813 2388 3874 omni
2447 3830 2569 3874 usu
2615 3829 2717 3873 ex-

509 3920 713 3976 emtae
758 3934 835 3976 ac
890 3911 1131 3976 liberae
1189 3914 1379 3976 unice
1422 3914 1488 3977 in
1536 3911 2032 3997 contemplando
2079 3934 2190 3993 eo,
2248 3912 2422 3999 quod
2472 3922 2568 3977 est
2610 3933 2720 3976 ve-

507 4036 663 4091 rum,
706 4025 1056 4094 versantur,
1099 4016 1159 4080 h.
1193 4038 1246 4079 e.
1295 4024 1462 4080 artes
1507 4016 1914 4080 theoreticae.
1962 4052 2044 4067 -
2090 4010 2167 4080 τὸ
2211 4020 2332 4101 μὲν
2376 4007 2496 4083 οὖν
2540 4017 2720 4102 πρῶ-

507 4140 626 4183 τον
682 4139 758 4184 ex
816 4118 1062 4205 aliquot
1105 4117 1292 4183 codd.
1341 4122 1782 4185 consentiente
1829 4120 2128 4206 Asclepio
2176 4132 2269 4199 et,
2325 4131 2400 4185 ut
2441 4120 2720 4200 videtur,

508 4221 871 4288 Alexandro
930 4222 1206 4310 praetuli
1263 4223 1562 4310 vulgatae
1618 4222 1879 4288 lectioni
1937 4218 2056 4289 τὸν
2110 4227 2229 4309 μὲν
2275 4215 2395 4289 οὖν
2436 4225 2720 4308 πρῶτον,

509 4329 672 4413 quia,
715 4330 768 4392 si
814 4337 1151 4414 sequentes
1198 4330 1682 4394 enunciationes
1730 4328 2094 4408 contuleris,
2146 4340 2411 4417 apparet
2452 4349 2587 4395 non
2635 4328 2720 4393 de
