3043 4973
501 228 659 304 1180·
1262 308 1269 318 ,
1327 230 1401 300 Γ
1439 228 1511 300 2.
1593 227 1865 306 1004ὒ.

634 405 957 471 10044119
994 397 1039 484 ἢ
1073 399 1576 472 κατὰταῦτα
1610 397 1655 484 ἢ
1686 397 1896 469 κατὰ
1930 404 2265 486 πλῆθος
2299 401 2567 472 καὶτὸ
2602 412 2704 476 ἕν.

501 511 936 596 Quaecunque
982 506 1065 574 ad
1109 508 1220 572 has
1264 510 1568 574 notiones
1625 508 2017 588 referuntur,
2078 531 2153 575 ea
2210 531 2365 575 sane
2420 531 2538 597 per
2593 511 2708 575 has

498 617 802 680 notiones
837 615 1224 682 revocantur
1264 613 1450 675 etiam
1490 608 1573 675 ad
1612 615 1918 679 unitatem
1957 624 2022 679 et
2054 608 2516 679 multitudinem
2554 625 2707 679 tam-

502 740 690 805 quam
735 739 975 784 summa
1020 717 1480 782 contrariorum
1529 718 1807 781 omnium
1851 719 2193 804 principia,
2249 717 2364 782 sed
2411 722 2709 803 quoniam

498 821 619 887 alia
667 821 750 888 ad
791 824 990 907 ipsam
1029 822 1330 886 unitatem
1373 828 1438 883 et
1473 817 1957 899 multitudinem,
2004 820 2126 885 alia
2164 821 2404 886 facilius
2444 820 2526 886 ad
2563 821 2708 888 illas

496 928 800 992 notiones
861 926 1042 1011 quasi
1097 923 1304 990 media
1347 925 1418 987 in
1461 927 1562 988 via
1610 926 1850 1009 positas
1896 935 2307 1004 revocantur,
2365 936 2707 1012 propterea

498 1030 827 1096 coniunxit
868 1020 1041 1092 κατὰ
1083 1029 1293 1094 ταῦτα
1340 1039 1404 1093 et
1445 1020 1618 1092 κατὰ
1657 1029 1929 1107 πλῆθος
1969 1030 2084 1092 καὶ
2126 1021 2204 1093 τὸ
2252 1034 2338 1094 ἓν.

631 1135 845 1199 100441
885 1133 976 1197 20
1017 1120 1122 1198 ὧν
1173 1132 1346 1197 ἐστὶ
1398 1132 1538 1196 καὶ
1581 1128 1625 1211 ἡ
1672 1125 2177 1212 ἐναντιότης.
2268 1132 2707 1199 Contrarieta-

496 1247 624 1303 tem
669 1236 1018 1304 subiectam
1064 1256 1204 1300 esse
1249 1237 1312 1301 ei
1356 1238 1688 1315 scientiae,
1736 1257 1896 1322 quae
1939 1239 2007 1300 in
2055 1245 2201 1301 ente
2246 1237 2705 1326 cognoscendo

439 1330 443 1333 ’
495 1350 811 1420 versatur,
867 1350 1089 1406 monet
1129 1349 1395 1427 propter
1441 1363 1541 1419 ea,
1595 1361 1762 1427 quae
1818 1339 1982 1405 infra
2021 1342 2151 1405 ⁶29
2194 1363 2327 1429 sqq.
2376 1341 2458 1407 ad
2517 1342 2709 1431 expli-

498 1446 762 1512 candam
808 1447 1050 1531 primae
1096 1443 1542 1531 philosophiae
1587 1439 1918 1512 notionem
1964 1444 2117 1509 inde
2166 1455 2263 1510 est
2302 1446 2705 1512 deducturus.

498 1548 906 1637 Comprobat
949 1558 1157 1614 autem
1194 1551 1702 1614 contrarietatem
1737 1548 2083 1614 subiectam
2121 1571 2261 1614 esse
2295 1553 2534 1636 primae
2568 1552 2706 1638 phi-

495 1654 862 1740 losophiae,
922 1655 1069 1738 quia
1110 1653 1205 1735 τῷ
1246 1656 1471 1737 ἑτέρῳ,
1530 1652 1706 1740 quod
1760 1652 2170 1742 philosophia
2216 1654 2701 1741 contempletur,

496 1759 785 1825 subiecta
838 1759 922 1823 sit
977 1751 1302 1845 διαφορά,
1351 1756 1499 1821 huic
1555 1760 1783 1823 iterum
1838 1752 2236 1837 ἐναντιότης.
2342 1758 2529 1844 Quae
2583 1761 2704 1847 igi-

496 1874 601 1929 tur
634 1863 900 1928 scientia
937 1859 1018 1924 ad
1054 1858 1217 1924 illud
1258 1863 1553 1947 pertinet,
1597 1860 1773 1946 quod
1808 1860 2108 1926 latissime
2145 1882 2221 1925 ex
2252 1863 2349 1925 his
2384 1873 2578 1948 patet,
2620 1862 2701 1928 ad

494 1962 573 2033 τὰ
617 1972 868 2053 ἕτερον,
926 1962 1148 2029 eadem
1193 1963 1546 2029 subiectam
1586 1965 1710 2030 sibi
1750 1964 1947 2030 habet
1991 1960 2436 2046 ἐναντιότητα.
2527 1966 2704 2053 Quid

496 2071 753 2137 differat
794 2062 1091 2158 διαφορά
1136 2090 1173 2131 a
1218 2089 1458 2155 genere
1494 2090 1632 2148 sun,
1679 2069 1761 2134 ab
1798 2064 2144 2156 ἑτερότητι,
2190 2070 2566 2136 Aristoteles
2605 2093 2704 2136 ex-

493 2177 681 2263 ponit
710 2174 759 2238 Ι
784 2175 845 2237 3.
884 2173 1084 2237 10541»
1107 2173 1195 2237 23
1228 2193 1382 2258 sqq„
1427 2172 1633 2259 qualis
1677 2168 1975 2263 διαφορά
2018 2173 2382 2261 appelletur
2409 2170 2704 2242 ἐναντιό-

490 2301 612 2359 της
656 2277 705 2343 Ι
743 2278 804 2342 4.
853 2277 1062 2342 105541
1097 2276 1361 2341 3-33,
2123 2355 2130 2362 ¹

548 2367 553 2372 ’
628 2382 841 2454 100441
871 2382 960 2445 29
1004 2372 1211 2464 πρὸς
1251 2372 1343 2444 τὸ
1388 2383 1713 2467 πρῶτον
1757 2385 1840 2445 ἐν
1883 2376 2178 2475 ἑκάστῃ
2222 2385 2699 2470 κατηγορία.

492 2486 926 2572 Κατηγορίας
957 2483 1096 2550 noli
1139 2488 1429 2572 accipere
1475 2507 1596 2573 pro
1645 2485 1864 2551 decem
1909 2484 2036 2553 illis
2072 2491 2326 2554 summis
2355 2511 2563 2578 rerum
2593 2511 2702 2577 ge-

492 2590 782 2666 neribus3
839 2610 985 2655 nam
1041 2591 1344 2655 notiones
1403 2590 1583 2671 illae,
1637 2589 1818 2656 velut
1872 2613 2066 2656 unum
2115 2592 2284 2657 idem
2331 2591 2505 2658 aliud
2551 2614 2703 2657 con-

491 2697 766 2772 trarium,
810 2714 946 2760 non
988 2695 1054 2758 in
1102 2695 1386 2780 qualibet
1430 2698 1753 2785 categoria
1797 2695 1959 2761 illud
2002 2698 2384 2783 principium
2429 2707 2701 2782 possunt

491 2799 750 2877 habere,
794 2819 924 2884 quo
967 2796 1326 2865 referantur
1368 2799 1614 2886 reliqua
1660 2803 1890 2865 omnia.
1961 2800 2295 2889 Significat
2331 2804 2547 2887 potius
2581 2825 2697 2867 κα-

491 2903 806 2989 τηγορίας
868 2903 1130 2966 nomine
1187 2903 1565 2971 Aristoteles
1625 2926 1699 2968 ea
1755 2903 2122 2990 praedicata
2185 2908 2320 2970 sive
2376 2905 2702 2992 praedica-

490 3016 720 3084 menta,
764 3027 929 3092 quae
971 3027 1143 3071 nunc
1186 3009 1391 3093 ipsum
1435 3007 1663 3086 attulit,
1706 3006 1874 3072 idem
1919 3006 2091 3072 aliud
2137 3013 2540 3076 contrarium.
2623 3011 2699 3076 In

493 3109 781 3198 quolibet
824 3130 900 3174 ex
943 3109 1042 3174 his
1087 3109 1485 3196 praedicatiS,
1528 3111 1876 3199 multiplice
1923 3114 2059 3177 eius
2103 3115 2168 3176 vi
2214 3112 2525 3193 distincta,
2569 3114 2698 3206 διε-

492 3210 775 3300 λόμενον
817 3217 1126 3299 ποσαχῶς
1167 3215 1453 3299 λέγεται,
1508 3216 1937 3301 quaerendum
1998 3225 2095 3283 est
2150 3238 2278 3304 quo
2336 3239 2527 3285 sensu
2571 3220 2698 3304 pri-

378 3316 385 3327 ’
490 3341 659 3385 mum
719 3340 793 3382 ac
846 3322 1109 3405 proprie
1163 3319 1594 3406 praedicetur,
1658 3331 1723 3388 et
1778 3321 1860 3387 ad
1914 3322 2079 3387 hanc
2119 3323 2248 3386 vim
2294 3344 2369 3386 ac
2411 3331 2696 3399 naturam

492 3424 777 3489 notionis
821 3421 1064 3507 reliqua
1108 3433 1256 3489 sunt
1296 3424 1652 3490 referenda.

626 3525 947 3593 10044132
992 3520 1190 3611 ὅπερ
1236 3532 1319 3593 ἐν
1360 3538 1547 3604 ταῖς
1591 3527 1986 3615 ἀπορίαις
2029 3530 2360 3616 ἐλέχθη,
2404 3532 2473 3593 in
2508 3551 2695 3615 quae—

491 3633 706 3698 stione
749 3636 974 3714 quarta
1015 3627 1165 3695 libri
1208 3634 1559 3716 superioris
1601 3633 1671 3697 B
1704 3636 1767 3699 2.
1810 3637 1981 3701 99741
2010 3636 2115 3699 25.
2166 3672 2247 3686 -
2292 3636 2450 3700 Post
2492 3629 2696 3718 λόγον

489 3736 656 3820 ἔχειν
700 3743 767 3798 et
806 3743 956 3821 post
999 3728 1423 3820 ἀπορήμασιν
1470 3735 1751 3802 editores
1797 3758 2019 3804 omnes
2039 3771 2044 3775 ·
2063 3749 2127 3804 et
2157 3740 2502 3803 Bessarion
2534 3760 2695 3825 pun-

492 3847 598 3902 cto
643 3840 910 3904 maximo
957 3837 1390 3904 distinxerunt.
1482 3839 1615 3905 Sed
1658 3863 1866 3928 neque
1912 3845 2065 3910 novi
2110 3842 2447 3928 quidquam
2494 3846 2692 3908 conti·

486 3953 649 4008 nent
676 3942 874 4008 verba
904 3943 1189 4030 proxima
1225 3943 1339 4008 καὶ
1371 3944 1508 4008 ἔστι
1546 3948 1666 4010 τοῦ
1700 3941 2096 4037 φιλοσόφου,
2141 3945 2313 4011 unde
2342 3957 2491 4033 apte
2518 3968 2690 4013 nova

491 4046 781 4111 ordiatur
823 4050 1204 4127 enunciatio,
1248 4068 1372 4112 nec
1414 4051 1468 4112 si
1499 4047 1652 4136 quid
1684 4054 2089 4116 continerent
2115 4053 2286 4129 novi,
2332 4051 2413 4115 ab
2452 4054 2691 4117 Aristo-

490 4149 619 4217 tele
662 4172 779 4237 per
819 4152 948 4230 καί,
991 4151 1107 4217 sed
1151 4155 1368 4239 potius
1410 4174 1528 4239 per
1571 4154 1665 4218 ἔτι
1707 4154 1777 4227 δέ
1825 4164 2037 4220 essent
2072 4153 2454 4236 introducta,
2498 4159 2687 4223 immo

486 4254 655 4321 adeo
716 4256 1060 4322 cohaerent
1113 4278 1256 4322 cum
1313 4255 1751 4344 superioribus
1805 4252 1909 4324 ὅτι
1948 4259 2107 4344 μιᾶς
2155 4296 2234 4310 -
2282 4254 2483 4344 λόγον
2525 4262 2691 4348 ἔχειν

492 4370 558 4426 et
613 4381 834 4431 corum
890 4364 1268 4428 sententiam
1320 4360 1534 4427 verbis
1590 4363 1809 4448 potius
1860 4384 2046 4450 quam
2089 4383 2162 4428 re
2205 4366 2564 4447 immutant,
2618 4377 2689 4434 ut
