3043 4973
565 236 711 313 428
1414 243 1461 311 Ι
1500 238 1570 313 3.
1651 235 1921 313 1054b.

566 416 905 480 cinationis
945 412 1340 503 intelligitur,
1381 412 1542 480 illud
1578 410 1782 481 ταύτό
1826 437 1888 479 τι
1929 401 1987 497 ᾦ
2029 413 2460 504 διαφέρωσιν
2501 408 2780 475 eandem

566 518 929 606 significare
982 518 1554 605 praedicationem,
1611 521 1713 583 cui
1760 539 1864 596 ea,
1923 516 2149 603 quibus
2204 537 2307 582 res
2350 519 2521 581 inter
2561 536 2633 579 se
2679 514 2783 579 di—

564 643 789 687 versae
835 621 1164 701 differunt,
1220 620 1656 687 subiiciuntur.
1748 621 1855 685 Ait
1899 624 2094 685 enim:
2147 619 2310 686 illud
2352 619 2551 698 idem,
2597 617 2786 704 quod

566 723 647 791 ad
693 724 1121 790 diversitatem
1164 728 1531 790 necessario
1575 727 1932 811 requiritur,
1975 734 2086 792 aut
2128 744 2331 813 genus
2367 733 2465 788 est
2493 732 2604 787 aut
2632 742 2785 807 spe-

567 830 726 905 cies3
785 828 1078 894 diversae
1135 831 1303 893 enim
1359 850 1462 893 res
1520 839 1632 893 aut
1675 837 1914 916 genere
1960 839 2109 893 sunt
2150 836 2263 893 aut
2303 829 2521 913 specie
2566 824 2782 890 diver-

565 954 693 997 sae.
782 934 996 1017 Atque
1041 952 1117 995 ex
1159 931 1257 995 his
1301 931 1516 996 verbis
1566 941 1857 1018 apparet,
1913 952 2050 998 non
2093 934 2166 996 iu·
2204 933 2283 995 iis
2327 931 2566 1008 rebus,
2611 950 2786 1014 quae

565 1037 779 1120 specie
809 1034 1099 1099 diversae
1128 1044 1291 1113 sunt,
1336 1056 1543 1122 genus
1591 1035 1716 1100 dici
1763 1026 1965 1100 ταὺτὸ
2009 1023 2063 1117 ᾦ
2106 1035 2510 1122 διαφέρουσι,
2554 1032 2673 1097 sed
2708 1035 2784 1097 in

564 1140 642 1202 iis
685 1142 868 1224 ipsis,
927 1160 1088 1224 quae
1146 1142 1403 1225 generis
1449 1138 1818 1203 diversitate
1865 1138 2158 1202 diversae
2203 1151 2377 1213 sunt3
2432 1140 2585 1201 item
2629 1158 2787 1221 spe-⁴

567 1244 726 1307 ciem
771 1242 897 1306 dici
937 1241 1099 1306 illud
1142 1241 1313 1306 idem
1359 1263 1490 1326 quo
1537 1241 1841 1306 differant
1894 1243 1976 1304 iis
2018 1243 2175 1327 ipsis
2221 1243 2288 1305 in
2332 1240 2551 1318 rebus,
2607 1260 2782 1325 quae

566 1347 803 1430 speciei
845 1345 1209 1410 diversitate
1250 1344 1545 1414 diversae
1574 1354 1739 1410 sunt.
1809 1346 2118 1410 Nimirum
2148 1347 2227 1409 iis
2256 1347 2325 1409 in
2353 1343 2564 1422 rebus,
2609 1364 2783 1428 quae

564 1470 805 1537 genere
845 1449 1137 1514 diversae
1171 1460 1336 1527 sunt,
1382 1461 1647 1516 eatenus
1691 1469 1896 1536 genus
1943 1458 2044 1513 est
2085 1442 2290 1514 ταύτό
2334 1472 2399 1513 τι
2439 1436 2495 1531 ᾧ
2540 1448 2783 1536 διαφέ-

565 1573 809 1639 ρουσιν,
854 1562 1167 1640 quatenus
1212 1574 1348 1618 non
1393 1554 1552 1617 haee
1596 1551 1677 1616 ab
1725 1551 1835 1616 illa
1882 1574 2139 1640 genere,
2184 1552 2295 1618 illa
2342 1552 2424 1616 ab
2465 1551 2584 1615 bac
2628 1572 2779 1636 spe·

566 1659 663 1722 cie
709 1655 1135 1745 distinguitur,
1178 1656 1292 1721 sed
1332 1659 1582 1742 utrique
1620 1655 1806 1721 simul
1843 1677 1919 1722 ac
1950 1659 2187 1741 pariter
2220 1676 2425 1744 genus
2458 1665 2554 1719 est
2583 1676 2777 1718 causa

565 1759 976 1837 diversitatis;
1015 1764 1167 1825 item
1203 1763 1279 1825 iis
1316 1763 1383 1824 in
1419 1760 1628 1839 rebuS,
1666 1781 1829 1845 quae
1866 1763 2077 1845 specie
2110 1759 2398 1848 diversae
2428 1769 2591 1836 sunt,
2627 1779 2780 1843 spe-

566 1866 697 1928 cies
739 1867 826 1929 ita
873 1875 971 1929 est
1012 1865 1181 1930 idem
1225 1864 1386 1929 illud
1434 1885 1563 1950 quo
1608 1862 1935 1941 differant,
1995 1872 2069 1929 ut
2120 1884 2257 1928 non
2313 1862 2475 1927 haec
2531 1861 2612 1927 ab
2660 1860 2778 1925 illa

564 1971 778 2053 specie
822 1968 934 2033 illa
981 1970 1060 2033 ab
1108 1971 1227 2033 hac
1271 1971 1406 2032 sive
1450 1989 1691 2055 genere
1735 1970 1872 2032 sive
1916 1970 2177 2031 materia
2224 1969 2610 2053 seiungatur,
2655 1963 2778 2030 sed

562 2069 765 2135 altera
808 2076 1048 2158 pariter
1093 2074 1170 2137 ab
1219 2073 1415 2138 altera
1462 2073 1702 2157 speciei
1747 2071 2115 2136 diversitate
2161 2073 2549 2157 seiungatur.

697 2175 875 2239 Haec
908 2199 1092 2262 quam
1128 2178 1438 2263 proposui
1475 2172 1831 2259 explicandi
1867 2177 2034 2239 ratio
2063 2178 2215 2238 satis
2245 2172 2549 2259 perplexa
2580 2194 2775 2258 quum

564 2296 693 2340 una
738 2299 878 2342 esse
920 2279 1241 2358 videatur,
1297 2278 1469 2343 uude
1527 2276 1610 2342 ad
1666 2275 2067 2363 probabilem
2126 2291 2189 2341 et
2232 2281 2401 2342 inter
2444 2298 2518 2341 se
2564 2279 2778 2340 conci-

557 2390 823 2465 nentem
861 2382 1200 2447 verborum
1234 2384 1613 2449 sententiam
1647 2384 2106 2467 perveniamus,
2150 2402 2285 2446 non
2319 2380 2605 2471 dubitavi
2634 2402 2775 2446 eam

500 2550 505 2555 ,
563 2482 909 2551 lectionem
950 2490 1019 2552 in
1066 2497 1299 2552 textum
1341 2490 1633 2574 recipere
1664 2509 1848 2571 quam
1881 2483 2304 2551 Alexandrum
2334 2484 2632 2550 habuisse
2663 2507 2775 2571 ap-

563 2593 947 2674 paret.1›27:
992 2591 1191 2656 τοῦτο
1234 2591 1302 2656 δὲ
1345 2583 1423 2655 τὸ
1468 2583 1674 2655 ταύτὸ
1718 2583 1763 2669 ἢ
1805 2593 1993 2674 γένος
2026 2584 2070 2668 ἢ
2108 2587 2297 2665 εἶδος.
2370 2588 2570 2675 Quod
2605 2594 2773 2655 enim

565 2692 766 2781 vulgo
801 2693 1129 2760 exhibetur
1158 2715 1233 2758 ex
1262 2697 1641 2758 auctoritate
1666 2693 1973 2758 librorum
2001 2715 2210 2779 prope
2235 2697 2543 2784 omnium:
2575 2696 2772 2759 τοῦτο

566 2795 639 2861 δὲ
679 2790 758 2861 τὸ
804 2792 968 2862 αὐτὸ
1013 2801 1203 2879 γένος
1247 2787 1292 2874 ἢ
1335 2793 1520 2875 εἶδος,
1570 2818 1821 2862 omnem
1867 2802 2322 2863 sententiarum
2369 2818 2596 2862 nexum
2631 2817 2774 2883 per-

565 2898 794 2965 turbat.
843 2901 1112 2963 Etenim
1160 2903 1216 2962 si
1257 2898 1517 2987 vulgata
1566 2900 1760 2965 lectio
1792 2923 1942 2965 vera
1976 2911 2158 2980 esset,
2203 2901 2332 2966 1106
2361 2900 2605 2967 diceret
2632 2902 2775 2965 Ari-

566 3001 859 3067 stoteles:
915 3005 992 3066 iis
1037 3006 1105 3066 in
1149 3000 1369 3080 rebuS,
1416 3025 1578 3088 quae
1621 3022 1862 3090 genere
1908 3004 2196 3070 diversae
2241 3014 2419 3083 sunt,
2461 3004 2629 3070 idem
2675 3014 2775 3068 est

566 3127 803 3195 genus,
858 3109 927 3171 in
971 3108 1076 3185 iis,
1133 3127 1294 3191 quae
1339 3109 1553 3192 specie
1600 3105 1932 3186 differunt,
1992 3109 2212 3174 eadem
2262 3112 2538 3194 species;
2596 3107 2771 3196 quod

560 3211 905 3276 manifesto
940 3220 1038 3275 est
1067 3209 1426 3275 absurdum.
1493 3211 1608 3275 Sin
1639 3222 1851 3277 autem
1880 3211 2222 3278 Alexandri
2251 3211 2594 3278 lectionem
2624 3233 2772 3300 pro-

563 3314 804 3394 bamuS,
847 3336 983 3379 non
1018 3335 1153 3378 eam
1191 3317 1448 3402 generis
1482 3314 1880 3381 identitatem
1912 3317 2146 3382 habere
2178 3317 2474 3381 dicuntur
2503 3339 2581 3380 ea
2611 3337 2770 3401 quae

566 3426 808 3505 genere
853 3418 1103 3482 diversa
1146 3428 1323 3498 sunt,
1372 3428 1443 3484 ut
1488 3418 1692 3484 eidem
1739 3424 1962 3508 generi
2007 3432 2343 3507 utrumque
2386 3419 2771 3498 subiiciatur,

565 3521 680 3585 sed
727 3520 1076 3585 diversitati
1118 3524 1244 3607 ipsi
1289 3524 1651 3608 assignatur
1693 3529 1947 3611 generis
1992 3525 2322 3602 identitaS,
2375 3527 2523 3609 quia
2569 3522 2770 3588 diver-

565 3629 721 3691 sitas
763 3627 829 3689 in
875 3633 1140 3710 utraque
1184 3646 1257 3687 re
1301 3645 1338 3688 e
1382 3631 1639 3711 generis
1685 3638 1908 3692 natura
1954 3632 2280 3714 repetitur.

700 3730 959 3795 Geuere
1003 3738 1211 3795 autem
1256 3726 1505 3792 diversa
1553 3728 1727 3815 quod
1772 3752 1847 3795 ea
1894 3753 2035 3796 esse
2079 3731 2233 3796 dicit
2261 3751 2422 3816 quae
2452 3753 2577 3795 nec
2606 3753 2772 3795 com-

566 3855 819 3899 munem
851 3836 1172 3898 materiam
1207 3853 1330 3896 nec
1363 3841 1642 3898 mutuam
1672 3836 1840 3898 inter
1870 3855 1941 3899 se
1968 3838 2447 3922 generationem
2477 3834 2771 3913 habeant,

568 3933 713 4002 οἷον
757 3931 931 4003 ὅσων
975 3929 1139 4002 ἄλλο
1186 3938 1407 4021 σχῆμα
1449 3937 1570 4016 τῆς
1611 3939 2012 4023 κατηγορίας
2054 3940 2214 4016 1³29,
2273 3943 2639 4024 categoriae
2681 3938 2772 4002 di-

566 4042 834 4104 versitas
878 4061 998 4126 pro
1047 4039 1334 4126 exemplo
1381 4041 1664 4121 affertur,
1717 4063 1792 4106 ex
1837 4064 1958 4128 qua
2005 4039 2312 4126 quaedam
2357 4062 2601 4128 genere
2644 4044 2771 4106 sint

568 4141 835 4219 diversa,
879 4164 1087 4228 neque
1128 4165 1285 4209 vero
1324 4148 1431 4223 ita,
1475 4155 1551 4211 ut
1592 4166 2004 4232 quaecunque
2047 4166 2285 4232 genere
2332 4144 2581 4210 diversa
2625 4148 2767 4222 sint,

569 4268 645 4311 ea
691 4244 955 4310 diversis
999 4244 1284 4311 subiecta
1331 4270 1472 4313 esse
1517 4257 1818 4333 oporteat
1874 4251 2245 4335 categoriis;
2304 4251 2537 4314 etenim
2582 4252 2767 4315 etiam
2847 4232 2850 4237 ¹

566 4370 768 4417 sonos
813 4359 880 4415 et
923 4345 1195 4430 colores,
1238 4348 1393 4421 licet
1429 4353 1496 4416 in
1529 4350 1750 4417 eadem
1782 4351 2097 4439 qualitatis
2128 4354 2579 4420 contineantur
2605 4361 2769 4418 cate-
