3043 4973
553 235 696 318 aas
911 187 916 192 ⁵
1364 247 1439 314 Z
1489 235 1601 315 ιο.
1686 237 1950 315 10360.

553 431 671 485 ete.
705 453 791 470 ——
829 411 1048 503 Quam
1093 417 1348 483 exhibui
1392 418 1524 483 loci
1553 418 1934 483 subobscuri
1962 418 2575 504 interpretationem,
2623 435 2759 481 eam

550 541 648 588 me
707 523 1118 609 probaturum
1175 541 1371 609 spero
1429 522 1812 598 lectoribuS,
1868 522 2136 609 singulis
2193 521 2405 584 verbis
2454 519 2758 605 deinceps

548 630 965 715 pertractatis.
1057 621 1128 691 εἴ
1154 629 1272 710 μὲν
1316 621 1445 714 γάρ
1490 632 1626 690 ἐστι
1676 663 1756 676 -
1805 623 1845 705 ἡ
1892 628 2013 705 τῆς
2056 623 2305 709 ὀρθῆς,
2364 625 2424 687 b.
2458 645 2512 687 e.
2550 627 2613 686 ⁴si
2656 643 2760 687 res

549 730 875 818 quaelibet
918 751 1092 793 suam
1138 733 1335 815 ipsius
1381 729 1703 816 significat
1746 732 2078 794 notionem
2118 726 2612 802 substantialem,
2656 748 2759 789 ve·

546 836 666 899 luti
720 829 950 909 κύκλος
1004 828 1082 898 τό
1144 829 1354 915 κύκλῳ
1411 829 1577 897 εἶναι
1640 844 1704 897 et
1760 832 1929 915 ζῷον
1986 835 2282 918 ἔμψυχον
2341 824 2464 910 τὴν
2517 824 2759 918 ψυχήν,

548 959 733 1026 quam
780 958 969 1022 supra
1019 938 1222 1002 1035b
1264 938 1347 999 15
1403 936 1556 1000 dixit
1611 957 1751 1002 esse
1809 930 1885 1001 τὸ
1943 937 2008 1001 τί
2063 926 2146 1014 ἦν
2204 932 2371 999 εἶναι
2427 929 2596 1015 ζῴῳ,
2654 932 2759 995 vel

549 1048 825 1108 ἕκαστον
870 1036 912 1120 ἡ
957 1035 1237 1124 ἑκάστου
1279 1042 1432 1118 α17,
1479 1044 1518 1104 i.
1552 1062 1607 1104 e.
1654 1038 1760 1103 vel
1805 1042 1860 1103 si
1905 1038 2154 1126 singula
2201 1058 2486 1123 quaeque
2531 1039 2760 1099 anima-

548 1146 633 1212 lia
669 1144 828 1209 nihil
873 1153 1019 1208 sunt
1056 1141 1229 1206 aliud
1267 1147 1389 1207 nisi
1431 1144 1617 1207 buius
1656 1146 1841 1208 unius
1879 1142 2163 1206 animalis
2199 1145 2422 1206 anima.
2494 1136 2573 1219 (ἡ
2609 1134 2760 1220 suo}-

551 1270 711 1315 στου
756 1248 976 1333 scripsi
1022 1267 1097 1309 ex
1147 1244 1320 1309 Alex.
1368 1267 1486 1332 pro
1533 1236 1718 1333 vulg.=
1756 1239 1799 1325 ἢ
1842 1242 2122 1310 ἑκάστου
2136 1293 2152 1323 ,
2212 1250 2355 1330 quia
2403 1245 2500 1308 his
2543 1244 2758 1307 verbis

551 1351 702 1438 quid
744 1351 963 1414 faciam
1000 1370 1133 1413 non
1170 1350 1426 1429 video.)
1494 1350 1564 1415 Si
1601 1353 1794 1437 igitur
1832 1347 2155 1434 quaelibet
2192 1372 2296 1414 res
2342 1369 2522 1413 suum
2569 1349 2633 1411 τί
2675 1337 2760 1425 ἦν

552 1450 718 1521 εἶναι
761 1452 1105 1541 significat,
1150 1452 1214 1517 τὶ
1256 1454 1377 1535 μὲν
1419 1457 1531 1517 καὶ
1577 1447 1753 1529 τινός
1797 1457 2046 1541 φατέον
2088 1448 2363 1539 ὕστερον
2404 1454 2557 1515 «119.
2637 1451 2762 1514 Per

552 1583 608 1624 v.
639 1560 704 1624 τὶ
732 1562 851 1641 μέν
881 1578 985 1621 res
1016 1555 1299 1643 singulas
1332 1566 1396 1619 et
1426 1568 1758 1621 concretas
1788 1556 2150 1643 significari,
2193 1569 2264 1621 ut
2297 1579 2369 1621 ex
2400 1560 2542 1642 ipso
2574 1549 2803 1618 huius*

549 1664 949 1750 pronominis
994 1682 1113 1724 usu
1162 1660 1568 1724 Aristotelieo
1617 1670 2114 1726 consentaneum
2162 1671 2256 1725 est
2301 1660 2420 1739 (cf.
2468 1660 2548 1724 ad
2593 1660 2660 1722 Γ
2696 1660 2758 1721 2.

554 1768 756 1831 100311
792 1767 940 1844 33),
982 1767 1069 1829 ita
1111 1762 1566 1849 comprobatur
1601 1764 1814 1828 verbis
1851 1768 2188 1850 oppositis:
2236 1761 2278 1844 ἡ
2318 1760 2376 1829 δ’
2411 1758 2568 1828 ἄνευ
2602 1757 2763 1840 ὕλης

551 1872 704 1947 622,
742 1890 818 1933 ex
857 1866 1083 1952 quibus
1122 1867 1503 1954 intelligitur
1541 1869 1605 1931 τὶ
1642 1871 1762 1951 μὲν
1803 1889 1942 1931 esse
1980 1861 2103 1946 τὴν
2140 1862 2308 1950 μετὰ
2345 1862 2503 1945 ὕλης
2539 1865 2645 1930 vel
2684 1859 2761 1929 τὸ

552 1969 852 2039 σύνολον.
942 1971 1087 2035 Hoc
1146 1967 1427 2037 σύνολον
1473 1975 1792 2056 posterius
1841 1982 1938 2036 est
1981 1967 2186 2048 τινός,
2245 1982 2419 2036 certo
2468 1968 2762 2054 quodam,

554 2073 698 2142 οἷον
739 2080 1089 2160 (nempe,
1137 2076 1214 2139 cf.
1250 2074 1329 2138 ad
1361 2075 1432 2138 A
1463 2077 1524 2138 4.
1556 2077 1824 2154 985116)
1869 2078 1999 2141 τῶν
2043 2080 2112 2141 ἐν
2157 2077 2248 2159 τῷ
2292 2070 2466 2158 λόγῳ
2509 2074 2622 2137 καὶ
2666 2095 2760 2136 τι·

550 2176 667 2255 νός
711 2176 948 2265 ὀρθῆς,
992 2181 1033 2241 i.
1066 2200 1123 2244 e.
1169 2182 1302 2245 τῶν
1348 2184 1417 2242 ἐν
1462 2179 1555 2260 τῷ
1599 2173 1771 2261 λόγῳ
1815 2180 2063 2263 μορίων
2107 2180 2218 2242 καὶ
2262 2181 2391 2242 τῶν
2432 2170 2612 2252 τινὸς
2649 2173 2764 2263 ὀρ-

549 2284 693 2363 θῆς
725 2281 992 2366 μορίων,
1034 2285 1317 2368 utrisque
1359 2282 1655 2368 partibus
1686 2293 1748 2346 et
1783 2284 2065 2345 notionis
2103 2292 2169 2345 et
2202 2280 2611 2345 sensibilibus
2647 2300 2764 2366 po·

552 2389 786 2451 sterior
832 2396 928 2449 est
971 2407 1073 2449 res
1122 2379 1439 2450 concreta.
1532 2386 1899 2451 Genitivum
1944 2377 2121 2459 τινὸς
2167 2381 2387 2469 ὀρθῆς
2432 2405 2565 2448 non
2610 2405 2764 2469 pen-

553 2489 707 2555 dere
753 2488 832 2553 ab
876 2484 1169 2577 ὕστερον,
1214 2491 1328 2555 sed
1369 2490 1446 2554 ab
1487 2490 1755 2555 articulo
1795 2493 1941 2565 τῶν,
1986 2489 2049 2551 h.
2085 2510 2137 2553 e.
2186 2493 2317 2553 τῶν
2359 2492 2626 2573 μορίων,
2671 2492 2766 2552 in-

551 2595 863 2682 telligitur
907 2593 1056 2660 coll.
1099 2597 1265 2660 022:
1312 2596 1443 2658 τῶν
1485 2596 1604 2678 μὲν
1650 2596 1854 2675 ἑν«τῷ
1899 2588 2074 2676 λόγῳ
2116 2589 2374 2680 ὑστέρα,
2419 2594 2550 2656 τῶν
2595 2589 2655 2656 δ’
2695 2598 2765 2658 ὲν

551 2702 647 2783 τῷ
690 2695 854 2762 καθ’
901 2703 1145 2762 ἕκαστα
1188 2700 1438 2783 μορίων
1494 2701 1799 2782 προτέρα.
1888 2697 2020 2760 Iam
2079 2696 2253 2781 quod
2308 2698 2516 2782 aptius
2573 2718 2764 2782 supra

551 2802 632 2866 ad
678 2804 966 2888 protasin
1013 2805 1066 2865 si
1110 2803 1231 2883 μὲν
1275 2795 1402 2885 γάρ
1451 2805 1588 2864 ἐστι
1631 2802 1763 2864 κτλ.
1814 2799 2050 2864 addere
2111 2799 2413 2877 debebat,
2471 2820 2604 2863 non
2663 2820 2768 2863 so·

548 2905 679 2970 lum
739 2908 1071 2969 notionem
1130 2903 1376 2991 anguli'
1405 2907 1592 2980 recti,
1648 2902 1765 2966 sed
1818 2906 2005 2967 etiam
2049 2903 2414 2967 sensibilem
2460 2903 2763 2990 angulum

554 3007 783 3073 eodem
829 3009 1091 3072 nomine
1139 3006 1449 3086 denotari,
1493 3008 1621 3071 hoe
1657 3006 1891 3070 deinde
1925 3019 2239 3093 tamquam
2274 3007 2354 3071 ad
2393 3006 2764 3092 explicanda

550 3112 746 3177 verba
807 3104 986 3188 τινός
1044 3109 1265 3196 ὀρθῆς
1324 3109 1568 3175 adiicit:
1622 3112 1733 3174 καὶ
1780 3104 1908 3198 γὰρ
1956 3109 1997 3190 ἡ
2042 3149 2130 3160 —-
2177 3116 2436 3175 ἕκαστα.
2512 3111 2605 3175 Ita
2665 3134 2765 3176 ex·

549 3219 801 3304 posito,
857 3214 1093 3302 quibus
1139 3215 1425 3301 partibus
1471 3235 1574 3279 res
1623 3225 1944 3291 concreta,
1975 3217 2063 3278 xz
2107 3217 2254 3297 μέν,
2299 3218 2624 3299 posterior
2667 3201 2766 3295 sit,

552 3323 779 3384 transit
823 3319 904 3384 ad
951 3323 1283 3384 notionem
1330 3316 1833 3383 immaterialem:
1877 3315 1920 3396 ἡ
1968 3315 2027 3380 δ’
2066 3312 2224 3383 ἄνευ
2266 3313 2431 3398 ὕλης
2472 3312 2549 3371 -’-
2600 3341 2767 3405 προ·

547 3427 725 3508 τέρα.
815 3420 1039 3498 ἁπλαῖς
1083 3421 1141 3487 δ’
1182 3418 1263 3488 οὐ
1306 3425 1574 3510 φατέον,
1619 3425 1659 3486 i.
1700 3442 1752 3485 e.
1799 3442 1933 3484 non
1979 3432 2076 3485 est
2121 3420 2637 3507 respondendum
2684 3421 2767 3487 ad

553 3529 1021 3610 quaestionem,
1081 3529 1202 3589 nisi
1259 3535 1443 3589 antea
1499 3526 1854 3590 distinxeris
1915 3534 1987 3589 et·
2029 3546 2197 3610 quae*
2247 3546 2350 3588 res
2398 3526 2643 3591 dicatur
2705 3536 2771 3591 et

554 3627 775 3713 quales
821 3639 1053 3714 partes·
1091 3664 1171 3679 —-
1212 3630 1346 3692 «124
1394 3633 1449 3691 εὶ
1494 3625 1554 3691 δ’
1593 3631 1782 3714 ἑτέρα
1824 3630 1956 3692 κτλ.
2040 3630 2218 3693 Haec
2261 3632 2510 3715 opponi
2553 3631 2769 3695 verbis

553 3734 719 3797 1116:
749 3721 821 3796 ἐὶ
863 3735 982 3815 μὲν
1027 3727 1156 3818 γάρ
1201 3736 1365 3809 ἐστι,
1409 3752 1566 3794 vere
1614 3731 1788 3796 Alex.
1834 3755 1894 3818 p.
1935 3734 2080 3811 479,
2129 3735 2209 3797 17
2257 3745 2494 3798 monet.
2584 3732 2773 3799 Licet

555 3855 690 3899 non
736 3844 909 3900 reete
954 3836 1418 3920 sumpserimuS,
1472 3838 1563 3899 ait
1606 3835 1728 3912 Ar„
1776 3836 2062 3900 animalis
2105 3841 2433 3902 notionem
2481 3841 2658 3901 cerni
2700 3841 2772 3902 in

552 3941 787 4016 anima,
846 3948 1056 4002 tamen
1116 3960 1532 4024 quaecunque
1590 3942 1723 4003 eius
1770 3939 1963 4005 fuerit
2004 3943 2220 4020 notio,
2280 3920 2499 4006 eadem
2549 3940 2772 4005 distin·

553 4043 769 4106 ctione
813 4041 1117 4108 utendum
1164 4052 1262 4107 est
1304 4046 1373 4106 in
1417 4042 1898 4128 respondendo.
