3043 4973
1145 230 1252 298 M
1293 224 1360 298 7.
1445 222 1635 300 1982
1648 224 1713 298 b.
2386 224 2523 301 551

456 403 541 482 3)
588 399 799 467 lasau
822 402 1125 466 26-111,
1204 400 1389 468 Plato
1433 400 1589 467 licet
1632 404 1828 467 evitet
1867 404 2533 488 numeros'posterio-

322 526 426 569 res
487 526 562 569 ex
620 505 941 591 prioribus
1000 503 1325 570 conficere
1383 504 1614 571 additis
1672 505 2110 572 mathematice
2165 506 2531 585 unitatibus,

320 611 626 696 progigni
686 620 896 674 tamen
954 609 1093 673 vult
1148 611 1367 677 nescio
1425 609 1755 694 quomodo
1806 632 1883 674 ex
1928 613 2173 676 unitate
2213 631 2331 696 per
2373 608 2529 696 dya-

320 710 465 776 dem
510 710 935 791 indefinitam,
980 722 1207 798 utpote
1252 708 1598 791 δυοποιόν,
1649 713 1925 800 dyadem
1968 713 2328 792 definitam,
2376 715 2529 779 item

323 837 398 880 ex
444 815 658 901 dyade
702 817 1011 882 tetradem
1058 826 1126 881 et
1163 819 1257 881 sio
1292 836 1514 902 porro.
1590 816 1750 881 Inde
1791 828 2058 904 apparet
2092 821 2360 904 primum
2394 819 2529 903 qui-

321 918 465 984 dem
510 923 720 984 inesse
764 925 833 985 in
878 919 1092 1005 dyade
1129 919 1285 985 duas
1332 923 1607 985 unitates
1650 923 1790 1005 ipsa
1836 925 2078 987 unitate
2121 923 2533 1008 posteriores,

321 1027 388 1088 in
433 1023 678 1089 tetrade
717 1027 867 1091 item
904 1023 1064 1088 duas
1102 1022 1366 1109 dyada,
1410 1023 1564 1087 licet
1605 1026 1774 1089 inter
1817 1047 1890 1090 se
1930 1021 2344 1114 ἀδιαφόρους
2387 1044 2533 1090 esse

324 1126 744 1192 concedamus
781 1129 1117 1208 (ἔστωσαν
1152 1129 1305 1205 229,
1339 1127 1417 1191 cf.
1459 1127 1669 1192 losla
1694 1129 1840 1208 23),
1886 1133 2280 1214 posteriores
2315 1140 2531 1194 tamen

317 1236 455 1318 ipsa
499 1230 731 1317 dyade‚
778 1241 857 1297 et.
886 1234 980 1295 sio
1016 1252 1239 1317 porro,
1274 1231 1631 1306 «126-31,
1676 1231 1757 1295 cf.
1788 1231 1870 1297 ad
1902 1233 2106 1299 loelb
2129 1234 2244 1309 27;
2291 1230 2531 1298 deinde

318 1358 510 1421 quum
558 1334 737 1421 dyaS‚
784 1345 978 1401 tetras
1024 1344 1162 1413 eet„
1213 1355 1377 1421 quae
1420 1337 1826 1422 geminantur
1869 1359 1989 1423 per
2031 1335 2306 1423 dyadem
2350 1335 2528 1403 inde-

315 1440 575 1517 finitam,
621 1439 905 1505 idearum
951 1439 1231 1505 habeant
1275 1449 1590 1517 naturam,
1646 1443 1838 1505 etiam
1890 1439 2049 1505 duas
2092 1438 2235 1505 illas
2280 1438 2529 1525 dyades

316 1543 423 1609 vel
468 1543 763 1622 tetradas,
810 1566 975 1630 quae
1007 1543 1162 1610 inde
1203 1542 1647 1623 conficiuntur,
1688 1543 1871 1609 ideas
1906 1565 2068 1613 esse.
2141 1545 2322 1632 Ergo
2358 1564 2529 1609 eom·

316 1651 526 1734 posita
575 1657 674 1713 est
716 1647 864 1713 idea
908 1670 986 1713 ex
1029 1648 1210 1726 ideis,
1250 1650 1617 1726 cal-3&
1664 1647 1839 1734 quod
1884 1669 2069 1734 quam
2105 1647 2413 1713 absonum
2440 1650 2531 1713 sit

318 1752 439 1831 (cf.
475 1752 537 1815 Z
565 1753 668 1815 14.
702 1754 905 1818 1039&
931 1755 1053 1834 ll)
1099 1751 1206 1817 vel
1252 1755 1533 1838 apertius
1579 1752 1803 1830 elucet,
1852 1755 1925 1817 si·
1955 1751 2034 1816 ab
2079 1750 2243 1817 ideis
2286 1751 2371 1817 ad
2414 1772 2529 1817 eas

316 1855 692 1920 transfertur
723 1877 844 1935 re8‚
879 1878 1141 1942 quarum
1173 1867 1397 1922 natura
1426 1878 1547 1942 per
1572 1856 1752 1922 ideas
1786 1855 2101 1934 definitur,
2140 1857 2415 1921 αδδ-ὁ
2429 1858 2528 1920 1..-

447 1958 722 2045 Reliqua
767 1972 1069 2045 quatuor,
1127 1982 1291 2046 quae
1346 1960 1648 2027 videntur
1704 1960 2010 2048 d'mfingui
2058 1979 2281 2044 posse,
2339 1972 2527 2046 argu,-

317 2074 528 2129 menta
564 2067 774 2128 omnia
811 2062 894 2128 ad
926 2066 1129 2151 ipsum
1163 2067 1541 2152 principium
1574 2067 1931 2130 sententiae
1963 2065 2307 2149 pertinent,
2347 2061 2529 2148 quod

317 2189 724 2234 numerorum
769 2172 1045 2233 unitates
1090 2167 1353 2233 differre
1396 2171 1565 2233 inter
1607 2190 1679 2233 se
1724 2167 2033 2233 dicantm.

446 2275 530 2353 4)
577 2273 782 2338 10826
811 2275 946 2337 1-
965 2274 1070 2337 11.
1142 2274 1456 2351 Unimtes,
1501 2281 1812 2358 quatenus
1855 2271 1925 2337 id
1959 2273 2167 2358 ipsum
2202 2279 2354 2335 sunt
2385 2271 2524 2335 uni·

315 2387 510 2456 ates,
553 2399 676 2441 nec
718 2376 1023 2463 qualitate
1069 2378 1236 2441 inter
1279 2397 1352 2441 se
1396 2375 1705 2442 differunt
1742 2398 1871 2440 nec
1910 2378 2287 2461 quantitate,
2333 2375 2525 2459 siqui-

317 2479 461 2546 dem
517 2502 816 2547 numerus
874 2502 951 2546 ex
1011 2478 1232 2546 eadem
1295 2482 1686 2566 compositus
1748 2481 2060 2545 unitatum
2118 2474 2525 2544 multitudine

316 2585 509 2671 plane
565 2606 731 2650 unus
787 2583 1084 2669 idemque
1140 2605 1280 2649 esse
1339 2593 1636 2650 censetur
1691 2584 1813 2667 (cf.
1859 2584 1922 2649 8.
1970 2583 2180 2648 10&oe
2219 2582 2520 2661 1—17).

317 2687 573 2774 Quodsi
617 2690 755 2773 quis
799 2686 999 2752 nihilo
1045 2689 1251 2752 secius
1313 2686 1652 2752 discrimen
1707 2689 2015 2752 unitatum
2060 2706 2213 2751 ‘esse
2256 2693 2524 2750 conten-

319 2791 427 2870 dit,
472 2790 633 2856 nihil
675 2801 850 2856 certe
895 2790 1171 2870 habebit,
1218 2813 1331 2856 cur
1375 2790 1771 2858 diversorum
1806 2812 2208 2857 numerorum
2248 2791 2524 2856 unitates

319 2896 609 2974 differre,
668 2894 949 2960 eiusdem
993 2885 1130 2960 non
1175 2893 1435 2959 differre
1477 2904 1729 2961 statuat.
1779 2931 1860 2946 --
1903 2896 1989 2960 ὂ3
2032 2892 2529 2978 πλασματῶδεςς

320 3001 399 3065 ef.
445 3001 647 3065 108Ιό
683 3002 790 3065 30.
845 3002 910 3065 9.
955 2999 1167 3064 1085a
1206 3001 1309 3064 15.
1370 3000 1795 3084 πλασματίας
1834 2995 1897 3064 2‘.
1939 3001 2150 3064 1076oe
2172 2999 2281 3063 39.
2314 3033 2403 3048 —-
2437 2999 2523 3061 bfi

310 3099 606 3188 ’μάλιστα
648 3098 770 3170 τὸν
812 3098 1191 3188 μοναδικόν,
1235 3124 1347 3168 cur
1390 3103 1520 3169 hoc
1557 3105 1951 3190 potissimum
1990 3124 2194 3191 genus
2231 3122 2524 3167 numero-

319 3229 455 3272 rum
503 3216 980 3285 commemoret,
1039 3206 1119 3270 cf.
1167 3206 1249 3271 ad
1296 3209 1356 3270 6.
1404 3208 1609 3271 10801»
1645 3208 1751 3272 19.
1797 3243 1878 3260 --
1922 3209 2006 3272 ὂ9
2053 3203 2252 3296 αὐτῇ
2296 3205 2523 3296 τῇδε*

320 3306 489 3389 κάδι,
532 3310 707 3397 quod
749 3331 869 3395 pro
908 3308 1079 3398 vulg.
1117 3304 1321 3400 ταύτῃ
1356 3311 1436 3400 τῇ
1473 3305 1699 3375 δεκάδι
1737 3312 1961 3397 scripsi
1986 3317 2261 3374 ⁴secutus
2305 3317 2524 3375 aucto-

319 3418 568 3481 ritatem
604 3414 781 3479 Alex.
820 3437 883 3499 p.
919 3415 1064 3493 738,
1106 3416 1207 3493 ll,
1254 3435 1371 3500 per
1410 3417 1614 3500 ipsam
1660 3401 2013 3478 sententiae
2057 3415 2370 3479 rationem
2412 3434 2524 3478 ne-

322 3523 660 3585 cessarium
707 3539 847 3583 esse
893 3528 1175 3605 apparet.

454 3626 539 3705 5)
586 3623 790 3688 1⁰82b
816 3624 898 3687 ll
918 3660 997 3674 —-
1019 3624 1121 3688 19.
1189 3620 1412 3710 Vulgo
1460 3633 1524 3688 et
1558 3632 1734 3687 recte
1769 3620 2023 3707 quidem
2057 3624 2146 3688 ita
2179 3622 2524 3698 statuimuS,

319 3727 482 3793 duas
527 3725 845 3814 quaslibet
884 3748 990 3791 res
1018 3725 1202 3791 simul
1232 3728 1545 3815 cogitatas
1576 3724 1898 3791 conficere
1928 3726 2314 3792 dualitatem.
2378 3724 2526 3788 Hoc

319 3831 643 3919 placitum,
688 3829 861 3917 quod
907 3833 1197 3895 nimirum
1242 3830 1322 3896 ab
1370 3830 1688 3897 idealibus
1723 3833 1854 3898 suis
1889 3834 2165 3896 numeris
2197 3829 2397 3917 longe
2430 3837 2526 3894 arss

323 3934 554 4000 cebant
586 3934 918 4014 Platonici,
954 3937 1010 3999 si
1044 3933 1444 4001 retulerimus
1478 3934 1564 3999 ad
1598 3934 1753 4000 illos
1787 3955 2083 4001 numeros
2117 3932 2377 4014 ideales,
2409 3932 2529 4016 dis·

323 4036 501 4102 sicile
548 4041 668 4103 erit
710 4038 1058 4104 Platonicis
1101 4037 1334 4118 dicere,
1377 4038 1628 4127 qualem
1673 4037 1929 4104 tandem
1970 4037 2247 4126 dyadem
2290 4036 2529 4104 confici

323 4140 528 4206 velint
586 4164 658 4206 ex
716 4142 1062 4208 unitatibus
1121 4143 1321 4209 altera
1378 4142 1608 4230 dyadis
1658 4142 1860 4208 altera
1903 4142 2123 4208 triadis
2167 4142 2272 4208 vel
2315 4139 2529 4207 simili-

326 4244 467 4322 bus»,
513 4256 579 4309 et
623 4268 809 4331 quem
854 4250 929 4312 iis
973 4247 1187 4313 locum
1230 4228 1679 4336 assignandum
1717 4255 1964 4334 putent.
2000 4285 2078 4299 —
2116 4248 2267 4312 uz.
2333 4247 2529 4311 Parti-

329 4347 533 4415 culam
579 4347 667 4442 δ’,
712 4373 875 4437 quae
917 4352 1118 4442 vulgo
1163 4361 1320 4441 post
1358 4350 1400 4432 ἡ
1447 4352 1717 4433 additur,
1761 4353 1912 4418 ferri
1949 4374 2086 4419 non
2120 4371 2334 4438 posse,
2373 4369 2529 4435 quo-
