3043 4973
540 253 686 331 436
1387 257 1432 324 I
1473 251 1543 326 5.
1627 247 1814 326 1056
1828 271 1896 323 ιι.

1160 331 1193 362 Ὀ

537 429 908 497 firmandam
945 431 1323 495 sententiam
1361 449 1604 509 eorum,
1637 428 2114 494 Platonicorum
2147 428 2453 507 nimirum,
2495 430 2602 513 qui
2638 429 2751 491 im-

538 557 658 623 par
695 533 1062 599 dualitatem
1101 554 1242 598 esse
1279 532 1515 613 dicunt,
1557 536 1765 614 (⁶102
1811 534 1924 598 καὶ
1962 529 2004 612 ἡ
2043 529 2293 619 ἀπορία
2325 531 2577 614 βοηθεῖ
2605 541 2751 608 τοῖς

541 635 875 730 φάσκουσι
916 630 996 702 τὸ
1042 630 1277 703 ἄνισον
1321 632 1536 702 δυάδα
1582 633 1818 718 εἶναι),
1863 658 2072 722 neque
2119 655 2273 700 vero
2320 634 2469 699 inde
2516 634 2751 700 confici

537 752 758 830 potest
802 752 875 807 ut
916 762 1033 827 par
1080 744 1466 807 contrarium
1513 744 1595 805 sit
1637 744 1850 828 magni
1889 752 1953 805 et
1987 742 2196 826 parvi3
2240 761 2384 803 nam
2425 739 2576 804 licet
2611 760 2748 804 uno

536 849 798 912 nomine
846 843 1252 931 appellentur
1298 867 1595 933 magnum
1641 854 1708 910 et
1750 864 2031 931 parvum,
2077 864 2146 907 re
2191 852 2402 907 tamen
2433 846 2574 929 ipsa
2614 843 2747 907 duo

535 963 715 1029 sunt,
776 959 841 1014 et
897 970 1016 1034 par
1073 947 1325 1014 duobus
1384 958 1554 1013 esset
1612 931 2026 1026 contrarium,
2086 945 2259 1033 quod
2315 945 2460 1011 fieri
2511 950 2749 1032 nequit,

538 1055 834 1120 ‹18-11
866 1054 950 1134 ¹).
1029 1053 1295 1117 Accedit
1341 1052 1515 1138 quod
1560 1074 1678 1139 par
1719 1052 1992 1117 medium
2038 1049 2375 1115 intercedit
2417 1053 2584 1116 inter
2623 1074 2750 1115 ma-

539 1179 738 1246 gnum
785 1165 850 1222 et
894 1177 1184 1243 parvum3
1231 1160 1553 1222 contraria
1596 1175 1755 1220 vero
1802 1155 2041 1220 habent
2083 1153 2336 1240 quidem
2381 1143 2555 1241 quod
2584 1159 2752 1220 inter

457 1267 465 1275 '
539 1264 679 1349 ipsa
724 1259 999 1327 medium
1043 1264 1141 1341 sit,
1184 1279 1510 1347 nunquam
1556 1268 1765 1325 autem
1803 1263 1940 1348 ipsa
1977 1257 2186 1326 media
2218 1269 2369 1323 sunt
2404 1262 2573 1325 inter
2607 1259 2748 1338 alia,

539 1365 901 1433 0-12-154

672 1470 895 1555 Itaque
941 1490 1129 1553 quum
1175 1487 1311 1532 non
1356 1480 1670 1556 tamquam
1706 1472 2089 1536 contrarium
2123 1490 2241 1556 par
2271 1471 2635 1556 oppositum
2663 1470 2748 1532 sit

538 1593 777 1662 magno
823 1582 890 1637 et
933 1592 1152 1658 parve,
1196 1573 1578 1660 relinquitur
1619 1584 1691 1640 ut
1734 1572 1840 1638 vel
1882 1596 2000 1661 per
2037 1573 2606 1639 contradictionem
2640 1571 2747 1636 vel

537 1700 661 1765 per
694 1678 1116 1765 privationem
1146 1679 1397 1763 utrique
1427 1678 1614 1743 simul
1648 1681 2016 1765 oppositum
2047 1697 2189 1744 esse
2215 1678 2543 1757 iudicetur,
2580 1678 2745 1751 a15;

540 1791 829 1868 quartum
874 1802 1081 1867 genus
1126 1784 1585 1867 oppositioniS,
1628 1782 2034 1860 relationem,¹
2067 1786 2329 1848 omnino
2371 1804 2508 1847 non
2550 1782 2750 1867 respi-

540 1888 632 1950 cit
679 1883 1088 1963 Aristoteles,
1131 1887 1433 1971 quoniam
1479 1895 1794 1972 tamquam
1836 1882 2006 1972 πρός
2048 1905 2110 1950 τι
2153 1907 2268 1972 par
2310 1889 2446 1972 pari
2493 1886 2750 1972 opposi-

541 1997 676 2056 tum
723 2011 863 2055 esse
908 1979 1188 2065 constat3
1246 1992 1574 2076 utrique
1626 2000 1863 2069 autem,
1923 2011 2059 2058 non
2102 1989 2284 2054 alteri
2329 1993 2454 2055 utri
2500 1992 2750 2076 opponi

537 2115 658 2180 per
719 2092 986 2158 eandem
1047 2096 1526 2181 oppositionem
1584 2093 1807 2172 debet,
1865 2097 2012 2180 quia
2068 2113 2319 2180 semper
2366 2093 2471 2158 illa
2517 2097 2635 2162 tria
2678 2095 2751 2157 in

543 2219 742 2263 unum
792 2196 1082 2263 dilemma
1126 2201 1624 2285 coniunguntur.
1715 2200 1830 2262 Est
1883 2200 2079 2286 igitur
2135 2221 2248 2285 par
2303 2201 2624 2285 utriusque
2667 2201 2752 2264 si·—

540 2300 697 2380 mul‚
745 2311 811 2365 et
853 2303 1038 2389 parvi
1085 2311 1148 2366 et
1193 2305 1436 2389 magni,
1484 2301 1932 2382 contradictio,
1967 2299 2246 2391 ’ἀμφοῖν
2290 2298 2433 2386 ἅμα
2476 2298 2750 2392 ἀπόφα-

541 2427 672 2484 σις,
713 2406 848 2471 «117
892 2403 1058 2486 (vel,
1105 2425 1233 2492 quo
1282 2405 1535 2486 deinde,
1573 2409 1726 2483 ⁴135,
1781 2419 1928 2494 apte
1971 2410 2172 2471 utitur
2215 2411 2503 2486 nomine,
2549 2427 2750 2472 συνα-

539 2505 850 2599 πόφασις,
897 2520 994 2575 est
1039 2513 1205 2574 enim
1251 2532 1367 2597 par
1408 2532 1620 2596 neque
1666 2532 1958 2598 magnum
2004 2532 2215 2596 neque
2261 2518 2586 2599 parvum),
2630 2509 2749 2576 sed

539 2634 675 2680 non
723 2614 1146 2680 contradictio
1192 2636 1363 2679 mera
1411 2629 1475 2679 et
1519 2614 1802 2702 simplex,
1846 2637 2007 2700 quae
2054 2616 2134 2679 ad
2174 2620 2383 2682 omnia
2414 2619 2749 2702 pertineat,

542 2741 760 2784 verum
808 2714 1155 2807 ἀπόφασις
1197 2715 1569 2805 στερητική,
1625 2720 1686 2784 Ιι.
1722 2742 1774 2784 e.
1821 2723 2184 2785 continetur
2225 2724 2389 2784 intra
2434 2719 2592 2784 illud
2636 2740 2747 2808 ge-

540 2844 660 2887 nus
721 2844 960 2901 rerum,
1014 2820 1192 2908 qued
1250 2823 1658 2909 recipiendae
1685 2823 1819 2899 -vel
1876 2823 2295 2910 magnitudini
2336 2823 2442 2891 vei
2487 2824 2748 2915 exilitati

540 2925 846 2990 idoneum
878 2932 992 2988 est.
1056 2924 1248 3010 Quae
1282 2931 1445 2990 enim
1477 2926 1931 3015 magnitudinis
1964 2939 2032 2991 et
2059 2927 2371 3006 exilitatiS,
2403 2930 2442 2994 i.
2471 2951 2525 2992 e.
2556 2951 2749 3014 quan-

541 3032 737 3094 titatis
780 3031 1113 3092 notionem
1160 3028 1530 3111 excludunt,
1589 3052 1663 3095 ea
1720 3031 2065 3117 simplicem
2123 3032 2375 3118 quidem
2425 3035 2636 3121 magni
2682 3044 2746 3098 et

540 3136 723 3220 parvi
766 3135 1172 3221 negationem
1220 3131 1557 3199 admittunt
1602 3133 1849 3220 dicique
1895 3145 2165 3220 possunt
2199 3148 2321 3200 n'ec
2348 3158 2576 3224 magna
2607 3156 2745 3202 esse

539 3260 662 3303 nec
705 3258 927 3324 parva,
985 3240 1269 3329 paritatis
1332 3247 1541 3302 autem
1595 3242 1928 3303 notionem
1973 3261 2107 3304 non
2153 3239 2504 3306 admittunt.
2593 3241 2745 3328 Spe-

540 3341 783 3407 cificam
838 3343 1003 3406 hanc
1058 3346 1424 3431 negationis
1469 3352 1713 3420 notam,
1769 3351 1845 3407 ut
1889 3343 1970 3407 ad
2017 3362 2236 3432 genus·
2268 3347 2742 3430 quantitativum

539 3448 728 3510 unice
774 3445 1110 3525 reseratur,
1171 3446 1433 3512 deinde
1461 3447 1561 3511 his
1609 3451 1793 3512 etiam
1837 3447 2053 3512 verbis
2097 3447 2415 3536 significat
2448 3446 2743 3516 4120εοὺ

648 3607 714 3678 1)
767 3611 980 3667 Secutus
1034 3633 1151 3667 sum
1202 3613 1257 3667 in
1301 3614 1378 3665 his
1426 3613 1588 3667 verbis
1632 3615 1927 3684 explicandis
1974 3615 2430 3686 interpretationem
2477 3617 2744 3670 Alexandri

526 3720 589 3775 J).
619 3712 736 3760 598,
775 3713 839 3752 24
877 3718 1011 3769 sqq„
1057 3699 1297 3771 quoniam
1338 3698 1600 3769 meliorem
1643 3720 1747 3753 non
1790 3700 1935 3775 potui
1977 3700 2211 3752 invenire.
2286 3706 2333 3754 εἰ
2369 3705 2422 3755 δὲ
2459 3702 2523 3755 τὸ
2561 3699 2641 3755 ἄνι
2630 3722 2742 3756 ισον

541 3789 783 3855 σημαίνει
825 3785 888 3836 τὰ
937 3779 1072 3837 αὗτό
1110 3807 1228 3856 αμα
1262 3779 1460 3855 αμφοῖν
1496 3782 1562 3851 (i.
1590 3805 1633 3836 e.
1672 3788 1914 3856 σημαίνει
1948 3787 2012 3839 τὸ
2049 3787 2222 3841 κοινὸν
2259 3783 2602 3859 ἀμφοτέρων,
2649 3808 2747 3840 του

526 3876 598 3947 ᾗτε
642 3872 882 3942 μείζονος
924 3871 1014 3923 καὶ
1058 3872 1158 3923 τοῦ
1203 3867 1506 3936 ἐλάττονος,
1551 3873 1630 3923 vel
1661 3885 1720 3923 ut
1755 3868 1821 3923 ait
1856 3874 2022 3925 Alexa
2070 3876 2116 3927 εἰ
2153 3875 2206 3927 δὲ
2241 3874 2305 3927 τὰ
2344 3870 2527 3927 ἄνισον
2564 3869 2744 3945 ἀμφό-

522 3974 672 4028 οιτεροι
704 3954 913 4026 δηλοῖ),
959 3960 1036 4027 εἴη
1067 3962 1162 4028 μὲν
1197 3953 1262 4009 ἂν
1294 3953 1417 4025 (int.
1455 3957 1519 4012 τὸ
1554 3962 1698 4021 ἴσον,
1734 3963 1877 4030 εἴπερ
1913 3955 2206 4013 ἀντίκειται
2239 3958 2314 4029 τῷ
2351 3955 2556 4027 ἀνίσῳ)
2596 3956 2741 4013 ἀντι-

540 4046 773 4115 κείμενον
815 4038 1043 4113 ἀμφοῖν,
1088 4045 1178 4097 καὶ
1212 4041 1245 4110 ἦ
1281 4037 1487 4114 ἄπορία
1517 4050 1714 4114 βοηθεῖ
1755 4051 1872 4105 τοῖς
1915 4044 2187 4115 φάσκουσι
2229 4046 2293 4099 τὸ
2340 4042 2528 4101 ἄνισον
2571 4043 2743 4101 δυάδα

541 4119 701 4183 εἶναι·
739 4123 872 4181 ἆλλιὶ
913 4148 980 4183 σι
979 4133 1188 4200 μβαίιει
1222 4129 1271 4183 ἓν
1308 4125 1430 4197 (int.
1469 4130 1536 4182 τὸ
1573 4127 1724 4198 ἴσον)
1762 4134 1908 4185 δυοῖν
1946 4129 2069 4200 (int.
2106 4130 2177 4185 τῶ
2215 4128 2394 4201 ἀνίσῳ,
2432 4154 2561 4205 οπερ
2596 4134 2741 4185 δυοῖν

541 4210 822 4292 δηλωτικόν
849 4211 1020 4281 ἐστιν)
1051 4218 1284 4268 ἐναντίον
1314 4205 1462 4281 εινοιι,
1500 4211 1630 4291 ὅπερ
1660 4211 1940 4271 ἅδυνατον.
1994 4217 2097 4269 Sed
2120 4217 2242 4269 haec
2266 4219 2539 4288 explicatio,
2563 4239 2738 4290 quam-

541 4321 693 4373 quam
729 4315 898 4370 aptam
932 4300 1084 4352 efficit
1117 4301 1433 4367 sententiam,
1479 4301 1607 4354 adeo
1650 4316 1820 4354 tamen
1864 4318 1938 4355 est
1969 4306 2225 4373 perplexa,
2269 4318 2327 4356 ut
2361 4307 2438 4357 vel
2471 4304 2739 4358 faciliorem

541 4387 876 4457 quaerendam
911 4406 1017 4440 esse
1051 4388 1129 4439 vel
1163 4387 1486 4456 depravatum
1521 4384 1627 4440 es'se
1662 4402 1852 4441 textum
1887 4389 2121 4460 suspicer.
