3043 4973
1203 233 1379 308 1·1.·
1444 233 1711 311 10580.
2411 217 2558 319 419

352 405 549 472 bilem
595 406 761 472 banc
801 409 1388 496 interpretationem
1435 411 1592 493 dixi,
1652 424 1884 482 certam
1942 437 2076 483 non
2120 417 2328 485 babeo
2372 442 2556 507 quam

349 531 729 599 proponam.
805 512 1167 579 Alexander
1203 517 1411 581 statim
1450 517 1531 582 ab
1575 521 1760 586 initio
1800 521 1994 587 verba
2040 525 2112 587 ἐν
2154 530 2294 599 τοῖς
2335 520 2560 609 λόγοις

265 673 274 686 ,
349 614 518 680 falso
560 619 1014 702 interpretatus
1059 618 1395 685 manifesto
1443 643 1477 685 a
1521 627 1792 690 veritate
1837 625 2037 713 longe
2082 624 2352 693 aberrat.

358 761 366 768 -
484 721 806 785 Reversus
852 720 1085 786 deinde
1130 717 1343 804 (οὕτω
1391 720 1474 804 δή
1516 729 1695 808 1218)
1748 728 1828 793 ad
1873 727 2264 794 individuam
2307 753 2557 797 mensu-

352 843 461 889 rae
496 834 780 888 naturam
817 826 1058 905 iterum,
1095 825 1268 911 quod
1305 848 1496 913 supra
1532 832 1652 895 iam
1690 836 1952 911 monuit,
1992 853 2128 897 non
2164 833 2390 900 eodem
2419 838 2557 902 iure

351 927 758 993 sensibilibus
794 932 1157 1013 quantitatis
1191 934 1517 1011 mensuris,
1562 934 1761 1000 veluti
1799 935 2010 1001 lineae
2044 936 2275 1023 pedali,
2321 949 2388 1004 et
2422 942 2559 1004 uni·-

352 1036 466 1098 tati
509 1034 755 1097 numeri
799 1031 1185 1097 individuam
1231 1036 1542 1122 assignari
1584 1048 1870 1103 naturam
1919 1040 2203 1126 explicat,
2245 1042 2379 1107 0121
2422 1063 2556 1128 sqq.

352 1137 439 1201 Et
482 1138 796 1201 sententia
843 1135 1097 1224 quidem
1140 1136 1481 1203 verborum
1527 1144 1679 1208 satis
1725 1153 1973 1229 aperta:
2027 1147 2233 1209 unitas
2278 1144 2561 1231 qualibet

350 1243 606 1321 ratione
662 1239 993 1306 individua
1046 1250 1167 1318 est,
1224 1262 1343 1327 pes
1396 1245 1482 1307 ita
1545 1242 1625 1309 ad
1682 1265 1788 1310 res
1830 1246 2166 1312 sensibiles
2209 1248 2560 1315 metiendas

353 1344 714 1422 adhibetur,
773 1365 848 1408 ac
902 1347 956 1409 si
1016 1354 1187 1409 esset
1243 1345 1628 1413 individuus.
1723 1350 1870 1415 Hoc
1927 1353 2093 1416 enim
2148 1352 2286 1417 fere
2345 1352 2560 1418 dicere

352 1447 635 1513 voluisse
680 1447 1088 1513 Aristotelem
1132 1448 1284 1514 inde
1331 1453 1776 1539 cognoscitur,
1825 1453 2000 1539 quod
2047 1454 2300 1520 adiecto
2345 1451 2560 1542 ὥσπερ

353 1551 605 1640 εἴρηται
646 1545 774 1632 ἤδη
816 1553 982 1631 α23,
1039 1555 1374 1640 superiora
1429 1553 1628 1620 verba
1679 1553 2043 1643 legentibus
2085 1561 2153 1622 in
2198 1562 2560 1624 memoriam

352 1666 617 1722 revocat
647 1655 850 1721 1052b
874 1658 988 1722 33:
1028 1659 1319 1744 χρῶνται
1361 1655 1459 1734 ὡς
1502 1653 1781 1742 ἀτόμῳ
1825 1661 1903 1750 τῇ
1945 1661 2239 1745 ποδιαίᾳ,
2287 1672 2352 1727 et
2387 1661 2563 1748 quod

356 1761 659 1848 deinceps
705 1758 897 1840 addit,
945 1784 1056 1826 sua
1104 1771 1345 1841 natura,
1400 1771 1631 1848 utpote
1675 1766 2056 1841 continuam,
2099 1763 2327 1828 lineam
2370 1766 2564 1852 peda·

356 1866 481 1931 lem
529 1888 661 1932 non
709 1887 851 1931 esse
887 1864 1294 1930 individuam.
1371 1863 1572 1948 (ἴσως
1607 1865 1759 1945 α24,
1805 1866 1883 1931 cf.
1916 1865 1999 1932 ad
2027 1868 2099 1931 A
2129 1869 2191 1934 5.
2223 1870 2392 1933 9870
2414 1870 2563 1948 26.)

355 1969 487 2037 Sed
545 1969 872 2057 quomodo
921 1990 958 2033 e
1000 1968 1242 2034 verbis:
1292 1962 1371 2033 τὸ
1417 1966 1473 2033 δ’
1518 1974 1609 2046 εὶς
1660 1966 2004 2059 ἀδιαίρετα
2060 1964 2228 2057 πρὸς
2284 1964 2404 2052 τὴν
2461 1970 2566 2037 αἵ-

356 2076 613 2154 σθησιν
657 2074 891 2151 ἐθέλει,
936 2072 1511 2146 eiusmodi'sensus
1550 2072 1659 2138 vel
1693 2072 1906 2160 aliqua
1945 2075 2210 2138 omnino
2249 2078 2565 2141 sententia

357 2178 502 2244 elici
539 2179 748 2264 possit
783 2175 891 2240 alii
923 2177 1215 2241 viderint.
1285 2178 1591 2242 Fortasse
1621 2180 1923 2264 scriptum
1956 2178 2100 2244 fuit:
2139 2169 2218 2243 τὸ
2255 2176 2316 2243 δ’
2349 2174 2568 2244 εἶναι

354 2279 797 2367 ἀδιαίρετον
852 2274 1018 2368 πρὸς
1075 2273 1197 2359 τὴν
1250 2278 1580 2359 αἴσθησιν
1635 2283 1885 2360 ἐθέλει,
1942 2282 2117 2368 quod
2177 2283 2568 2347 consentiret

359 2408 499 2450 cum
552 2383 767 2450 verbis
824 2383 1263 2469 superioribus
1304 2384 1424 2448 ⁰2:
1482 2387 1555 2449 ἐν
1608 2394 1751 2461 τοῖς
1807 2379 2035 2463 ἄλλοις
2088 2388 2445 2470 μιμοῦνται
2487 2379 2567 2449 τὸ

355 2491 675 2557 τοιοῦτον.

489 2594 792 2657 Mensura
850 2590 1133 2656 eiusdem
1189 2592 1442 2679 generis
1498 2604 1599 2656 est
1655 2594 2018 2676 (συγγενές,
2042 2594 2206 2670 024,
2266 2591 2345 2656 cf.
2390 2590 2460 2656 B
2506 2593 2566 2655 1.

357 2698 521 2763 995b
561 2698 663 2761 12.
724 2695 811 2759 Μ
850 2696 910 2758 1.
958 2696 1167 2760 1076a
1207 2697 1334 2776 18)
1389 2704 1579 2780 atque
1624 2694 1691 2759 id
1737 2693 1912 2780 quod
1956 2704 2382 2773 mensuratur,
2436 2692 2572 2758 vel-

358 2804 451 2868 uti
493 2795 949 2887 magnitudinis
993 2798 1367 2886 magnitudo
1412 2819 1707 2863 mensura
1754 2808 1866 2877 est,
1919 2801 2247 2886 gravitatis
2291 2801 2570 2887 gravitas

361 2915 426 2971 et
467 2902 712 2989 reliqua
758 2899 1064 2966 similiter.
1154 2896 1273 2966 Ita'
1306 2904 1613 2967 unitatum
1671 2904 1878 2966 unitas
1937 2901 2208 2967 dicenda
2256 2911 2354 2968 est
2395 2923 2569 2967 men·

361 3030 524 3085 sura,
569 3025 779 3091 neque
810 3026 966 3070 vero
997 3026 1403 3070 numerorum
1433 3027 1759 3070 numerus:
1806 3008 2022 3070 καίτοι
2055 3006 2197 3085 ἔδει,
2236 3010 2291 3071 εὶ
2328 3004 2571 3091 ὁμοίως

352 3113 527 3190 ἀ28,
581 3110 642 3173 h.
684 3131 738 3174 e.
784 3110 1002 3173 καίτοι
1045 3110 1174 3174 ἔδει
1216 3105 1585 3194 λαμβάνειν
1627 3102 1745 3175 τὸν
1789 3103 2095 3195 ἀριθμὸν
2147 3113 2389 3195 μέτρον
2439 3109 2572 3174 τῶν

363 3212 696 3301 ἀριθμῶν,
742 3217 795 3276 εἰ
834 3208 1080 3296 ὁμοίως
1114 3214 1218 3278 ἐπὶ
1254 3209 1467 3296 τούτῳ
1505 3235 1576 3277 τε
1614 3208 1738 3296 εἶχε
1778 3213 1891 3276 καὶ
1930 3210 2031 3275 ἐπ’
2065 3213 2349 3289 ἐκείνοις.
2410 3210 2572 3296 Qui-

356 3320 482 3385 bus
518 3317 733 3383 verbis
770 3315 1006 3381 deinde
1040 3318 1339 3402 opponit:
1386 3313 1537 3381 ἀλλ’
1574 3312 1693 3400 οὐχ
1737 3310 1984 3398 ὁμοίως
2023 3311 2203 3394 ἀξιοῖ
2239 3316 2373 3380 κτλ.
2419 3315 2482 3379 h.
2516 3335 2572 3379 e.

362 3442 771 3489 numerorum
818 3421 926 3505 qui
969 3441 1298 3485 numerum
1341 3440 1697 3486 mensuram
1746 3438 1886 3483 esse
1932 3416 2109 3498 dicit,
2165 3416 2418 3483 videtur
2461 3417 2574 3483 ille

368 3525 622 3615 quidem
668 3522 956 3589 similiter
999 3534 1276 3589 statuere
1320 3534 1509 3611 atque
1554 3526 1624 3588 in
1669 3521 1967 3608 exemplis
2012 3532 2201 3587 antea
2234 3519 2460 3602 allatis,
2503 3542 2576 3586 re

366 3640 576 3696 autem
633 3649 783 3692 vera
841 3648 974 3692 non
1021 3631 1240 3692 statuit
1281 3623 1600 3704 similiter3
1656 3647 1955 3692 numerus
2003 3631 2198 3706 enim,
2256 3625 2408 3691 licet
2453 3629 2578 3690 sin-

364 3733 573 3823 gulari
617 3733 894 3797 nominis
939 3731 1141 3799 forma
1186 3732 1600 3819 significetur,
1641 3741 1855 3796 tamen
1897 3728 2361 3796 multitudinem
2397 3722 2466 3794 in
2506 3750 2578 3795 se

367 3834 867 3922 comprehendit,
910 3837 1201 3900 nimirum
1247 3839 1587 3913 unitatum3
1639 3854 1835 3921 quare
1878 3854 2287 3901 numerorum
2333 3835 2388 3898 si
2434 3836 2577 3919 quis

364 3962 692 4007 numerum
739 3938 987 4007 diceret
1024 3959 1395 4018 mensuram,
1447 3937 1677 4004 eodem
1722 3942 1861 4003 iure
1904 3940 2212 4005 unitatum
2257 3957 2395 4003 non
2439 3936 2579 4002 uni-

366 4056 563 4111 tatem
607 4041 719 4109 sed
768 4046 1040 4109 unitates
1084 4041 1477 4108 contendere
1523 4040 1796 4109 deberet
1836 4061 2193 4106 mensuram
2240 4063 2401 4106 esse.

501 4149 841 4214 Scientiam
893 4147 1004 4212 vel
1055 4168 1309 4213 sensum
1354 4148 1410 4211 si
1454 4144 1719 4210 dicimus
1761 4164 1971 4210 rerum
2019 4167 2162 4211 esse
2204 4163 2582 4220 mensuram,

369 4254 526 4331 ⁸31,
570 4251 652 4317 ad
697 4272 827 4315 rem
870 4250 1069 4340 longe
1116 4249 1428 4316 diversam
1472 4270 1808 4315 mensurae
1851 4270 2086 4315 nomen
2130 4248 2581 4323 transferimus,

373 4378 449 4423 ea
491 4376 620 4421 una
665 4358 916 4421 ratione
958 4353 1216 4421 adducti
1262 4350 1437 4442 qnod
1483 4364 1552 4420 et
1592 4376 1711 4443 per
1750 4374 2109 4423 mensuram
2143 4362 2208 4417 et
2236 4372 2354 4437 per
2380 4351 2582 4414 scien-

2068 4460 2137 4513 27
2154 4458 2179 4483 ⁶
