3043 4973
1148 259 1212 328 E
1266 257 1327 330 l.
1414 247 1716 332 1026ae
2369 258 2514 335 285

309 451 423 496 nas
470 452 614 497 esse
655 453 919 499 necesse
966 443 1080 498 est.
1147 434 1287 508 Hae
1328 437 1492 499 enim
1534 457 1763 500 causae
1800 446 1950 501 sunt
1987 435 2167 501 αἴτια
2203 442 2343 512 τοῖς
2380 459 2515 525 φα-

308 544 524 625 νεροῖς
567 538 696 603 τῶν
740 538 950 602 θείων
984 538 1136 616 α18,
1184 537 1262 601 cf.
1308 539 1500 625 Phys.
1550 540 1609 604 11
1656 541 1716 604 4.
1766 543 1930 606 196α
1966 540 2083 605 33:
2138 533 2255 606 τὸν
2303 538 2362 605 δ’
2403 537 2514 606 οὐ·

309 635 522 726 pavor
564 643 676 705 καὶ
719 634 806 704 τὰ
850 635 1178 706 θειότατα
1223 643 1354 707 τῶν
1397 644 1721 730 φανερῶν.
1803 648 1878 709 Λ
1927 647 1985 723 7,
2029 644 2071 707 8
2120 653 2184 707 et
2228 642 2307 707 ad
2354 647 2407 708 A
2449 645 2510 709 8.

310 746 514 810 101Ίό
549 745 652 809 12.
674 781 764 794 —-
797 744 955 810 Inde
985 746 1374 814 theoreticae
1404 746 1851 833 philosophiae
1877 756 2004 811 tres
2036 750 2344 811 exsistunt
2375 769 2513 833 parx

307 858 405 913 tes
451 851 665 935 (τρεῖς
708 851 1132 939 φιλοσοφίαι,
1191 850 1269 914 cf.
1317 850 1399 914 ad
1443 850 1517 915 A
1559 852 1620 916 3.
1664 852 1826 916 9831>
1868 852 2025 930 21),
2077 845 2514 915 mathematica

310 952 573 1039 physica
620 951 967 1038 theologia.
1057 952 1257 1037 Quod
1316 964 1523 1020 autem
1581 977 1764 1040 quam
1824 965 2009 1019 antea
2061 955 2323 1041 primam
2379 954 2514 1040 phi-

306 1054 665 1141 losophiam
710 1059 1127 1141 nuncupavit,
1170 1056 1437 1122 eandem
1478 1057 1852 1146 theologiae
1896 1061 2156 1123 nomine
2203 1057 2514 1147 dignatur,

305 1157 374 1223 id
434 1180 546 1222 cur
601 1159 789 1224 faciat
832 1162 1131 1245 proximis
1176 1161 1386 1226 verbis
1433 1161 1728 1248 explicat:
1781 1164 1918 1230 019
1965 1158 2043 1226 οὐ
2085 1156 2215 1250 γὰρ
2261 1156 2514 1243 ἄδηλον

306 1263 440 1326 κτλ.
490 1262 568 1326 cf.
613 1262 686 1327 A
731 1265 795 1328 2.
841 1265 1011 1328 983a
1048 1267 1089 1329 5
1135 1287 1267 1351 sqq.
1314 1277 1379 1330 et
1422 1290 1484 1352 p.
1516 1268 1579 1331 5.

441 1366 650 1431 1026a
686 1368 773 1431 22
820 1370 903 1430 αἱ
947 1369 1093 1452 μὲν
1140 1408 1220 1420 -
1268 1372 1356 1436 32
1401 1366 1508 1434 ὅν.
1593 1371 1894 1437 Praeticis
1940 1368 2290 1454 disciplinis
2336 1371 2514 1434 theo-
2592 1427 2607 1441 ,

305 1471 535 1534 reticas
581 1472 871 1557 potiores
919 1493 1058 1537 esse
1105 1477 1396 1560 exposuit
1424 1474 1496 1537 Α
1528 1474 1591 1536 2.
1623 1474 1785 1537 982b
1808 1474 1896 1536 24
1927 1495 2078 1558 sqq.‚
2122 1475 2290 1537 inter
2333 1472 2512 1536 theo-

303 1575 531 1638 reticas
571 1584 778 1640 autem
817 1575 1209 1665 theologiam
1243 1580 1504 1664 primam
1544 1598 1682 1642 esse
1718 1587 1784 1642 et
1816 1579 2206 1663 potissimam
2241 1576 2337 1639 his
2372 1597 2512 1640 ver-

303 1675 404 1741 bis
449 1676 858 1745 demonstrat.
950 1680 1168 1745 Inesse
1214 1686 1379 1746 enim
1426 1683 1489 1745 in
1536 1684 1615 1746 iis
1662 1680 1974 1746 eiusmodi
2029 1678 2514 1745 demonstratio·

305 1802 467 1859 nem,
521 1803 597 1846 ex
640 1782 950 1870 particula
995 1784 1233 1849 causali
1275 1780 1402 1872 γάρ
1450 1787 1588 1854 1123
1635 1785 1941 1873 colligere
1986 1782 2318 1861 debemus,
2363 1782 2514 1868 licet

304 1888 587 1972 proxima
633 1886 797 1951 adeo
844 1891 970 1951 sint
1009 1888 1280 1954 obscura
1322 1898 1387 1954 et
1424 1889 1742 1976 perplexa,
1787 1898 1861 1953 ut
1900 1886 2383 1975 argumentandi
2416 1908 2513 1949 ra-

303 1993 543 2055 tionem
602 1988 888 2055 divinare
944 1995 1143 2079 magis
1203 2014 1389 2078 quam
1441 1996 1805 2079 perspicere
1849 1991 1998 2057 mihi
2042 1989 2278 2055 videar.
2369 1991 2515 2054 Hoc

304 2097 471 2158 enim
505 2093 759 2159 videtur
795 2094 1006 2162 dicere
1041 2098 1405 2163 ⁶23—27:
1453 2098 1822 2185 theologica
1859 2094 2149 2159 doctrina
2185 2097 2512 2182 potissima

306 2201 584 2262 omnium
620 2197 959 2264 iudicanda
1001 2204 1136 2279 erit,
1182 2204 1235 2266 si
1270 2211 1586 2288 tamquam
1623 2200 1998 2267 universalis
2035 2199 2309 2285 reliquas
2346 2219 2514 2262 com-

302 2301 633 2388 plectatur.
723 2302 855 2367 Sed
899 2303 965 2368 id
1009 2308 1216 2391 ipsum
1262 2305 1649 2372 dubitaverit
1693 2309 2025 2393 quispiam,
2067 2325 2218 2370 num
2263 2301 2513 2367 theolo-

304 2408 411 2495 gia
457 2405 836 2472 universalis
879 2411 990 2489 sit,
1047 2431 1126 2474 an
1186 2420 1422 2475 certum
1466 2410 1803 2496 quoddam·
1835 2412 2072 2475 entium
2117 2428 2321 2496 genus
2365 2427 2513 2493 pro-

303 2513 588 2596 positum
621 2511 853 2578 habeat
890 2513 972 2578 ad
1005 2513 1465 2599 inquirendum.
1535 2516 1779 2579 Horum
1817 2522 2024 2579 utrum
2058 2522 2312 2590 statuas,
2355 2509 2512 2577 mul-

302 2624 440 2680 tum
484 2615 730 2692 differt3
775 2638 982 2702 neque
1022 2621 1211 2696 enim,
1255 2629 1327 2684 ut
1368 2618 1496 2683 hoc
1541 2627 1786 2683 utamur
1824 2615 2131 2703 exemplo,
2174 2615 2513 2681 mathema-

302 2722 441 2785 ticis
485 2721 554 2783 in
597 2718 790 2784 rebus
835 2720 1095 2786 eaedem
1140 2731 1291 2786 sunt
1334 2720 1681 2799 doctrinae,
1727 2743 1890 2807 quae
1926 2724 1995 2786 in
2036 2729 2275 2785 certum
2309 2716 2512 2804 quod-

306 2821 449 2887 dam
506 2844 710 2909 genus
766 2827 1121 2909 inquirunt,
1181 2833 1248 2889 et
1297 2846 1372 2889 ea
1418 2846 1580 2911 quae
1628 2846 1851 2891 omnes
1895 2848 1997 2891 res
2042 2824 2510 2891 mathematicas

303 2925 765 3012 complectitur.
856 2929 1368 3010 (Arithmeticam
1426 2928 1553 2995 dici
1608 2930 1688 2994 ab
1739 2928 2083 2996 Aristotele
2125 2921 2248 3007 τὴν
2290 2921 2511 2993 καθό-

301 3031 425 3097 λου
468 3026 947 3115 μαθηματικήν
1004 3024 1342 3119 probabile
1388 3045 1484 3100 est
1529 3036 1886 3100 conferenti
1929 3033 2002 3098 A
2042 3035 2108 3097 2.
2153 3033 2323 3098 982a
2363 3033 2507 3110 28.)

301 3134 433 3198 Iam
479 3134 644 3198 hanc
687 3138 1125 3221 quaestionem
1169 3137 1364 3203 solvit
1403 3140 1755 3217 ‹tw-32,
1799 3137 1952 3203 licet
1991 3140 2059 3200 in
2096 3138 2256 3221 ⁴ipsis
2299 3132 2510 3197 verbis

306 3236 570 3303 difficile
615 3241 697 3303 sit
741 3238 1130 3305 solutionem
1173 3262 1549 3330 agnoscere.
1640 3243 1708 3306 Si
1757 3240 1906 3327 qnid
1953 3248 2077 3317 est,
2132 3240 2249 3314 ait,
2292 3239 2512 3301 immo-

304 3340 437 3406 bile
483 3351 549 3406 et
592 3342 970 3429 separabile,
1013 3345 1139 3409 hoc
1182 3349 1358 3430 prius
1406 3355 1502 3410 est
1546 3344 1737 3410 rebus
1768 3345 2064 3431 physiciS,
2110 3352 2174 3407 et
2204 3361 2278 3405 ea
2310 3343 2512 3407 scien-

304 3448 422 3525 tia,
480 3468 600 3531 qua
657 3446 819 3513 illud
875 3451 1321 3536 investigatur,
1378 3470 1562 3534 quam
1618 3447 1871 3535 quidem
1929 3446 2323 3534 theologiam
2369 3464 2510 3511 esse

303 3549 586 3631 diximus,
630 3554 811 3637 prior
853 3563 950 3617 est
993 3574 1179 3639 quam
1217 3553 1483 3639 physica
1524 3552 1876 3639 disciplina.
1945 3552 2147 3639 Igitur
2177 3547 2509 3636 theologia

303 3657 504 3741 prima
549 3665 645 3720 est
688 3655 1007 3735 doctrina,
1054 3665 1121 3723 et
1162 3666 1473 3742 quatenus
1517 3660 1717 3743 prima
1764 3667 1862 3723 est
1904 3659 2211 3733 omnium,
2259 3657 2511 3719 univer-

301 3758 453 3823 salis
498 3769 712 3843 potest
757 3760 898 3839 dici,
945 3783 1134 3846 quum
1178 3760 1461 3846 reliquae
1508 3782 1730 3826 omnes
1778 3784 1852 3827 ex
1895 3759 2004 3828 illa
2052 3780 2355 3824 summum
2401 3756 2511 3821 de-

301 3860 500 3926 beant
541 3873 834 3949 repetere
875 3867 1273 3951 principium.

438 3968 649 4033 10264
689 3968 776 4032 29
822 3973 888 4032 εἰ
932 3964 994 4032 δ’
1034 3969 1210 4034 ἔστι
1257 4004 1339 4018 -
1315 3969 1471 4035 31
1516 3989 1809 4054 πρωτη.
1915 3965 2092 4051 Quid
2147 3965 2511 4054 significent

302 4069 464 4133 haec
505 4070 700 4134 verba
746 4084 1031 4158 apertum
1078 4081 1203 4151 est,
1262 4074 1654 4136 constructio
1714 4079 1925 4136 autem
1981 4070 2200 4156 paullo
2249 4070 2511 4157 impedi-

302 4176 448 4237 tior.
541 4175 793 4239 Etenim
839 4173 919 4239 ad
963 4174 1162 4238 verba
1217 4175 1588 4264 φιλοσοφία
1630 4169 1885 4260 πρώτη,
1944 4195 2109 4260 quae
2165 4174 2507 4261 praedicati

300 4275 515 4343 locum
562 4277 858 4343 obtinere
905 4288 1186 4365 apparet,
1225 4300 1361 4343 non
1407 4286 1627 4365 potest
1668 4278 1890 4344 referri
1930 4281 2278 4364 superioris
2319 4300 2508 4343 mem·

300 4379 401 4446 bri
444 4380 798 4454 subiectum
842 4378 1054 4451 οὐσία.
1083 4406 1184 4459 ,τις
1223 4379 1551 4462 ἀκίνητος,
1595 4380 1710 4447 sed
1756 4381 2116 4447 addendum
2143 4385 2366 4477 ,potius
2405 4403 2510 4445 co-
