3043 4973
1126 218 1234 290 M
1273 213 1342 289 8.
1428 213 1694 291 108411.
2368 215 2515 291 559

306 389 394 461 τὰ
437 392 614 474 ἑξῆς,
672 396 823 460 satis
881 393 1137 480 quidem
1183 404 1330 483 apta
1378 404 1476 461 est
1518 393 1628 460 illa
1673 396 2111 479 interpretatio
2160 403 2226 459 et
2268 395 2375 459 Ar.
2420 416 2515 459 ar-

307 497 892 588 gumentationibus
939 510 1402 575 consentanea
1444 498 1561 564 sed
1605 501 1728 563 nisi
1756 498 2072 563 levissime
2101 503 2168 564 in
2198 498 2515 586 explican-

307 602 404 667 dis
460 603 677 667 verbis
731 613 1024 668 versatos
1080 614 1296 689 putes,
1357 602 1672 669 eiusmodi
1719 602 1873 689 quid
1919 624 2032 669 eos
2075 607 2143 669 in
2187 613 2363 669 textu
2407 603 2515 667 ba·-

163 800 168 803 .
308 706 524 773 buisse
568 714 841 793 oportet,
888 707 1096 792 qualia
1140 706 1501 795 significavi
1543 712 1613 772 in
1655 731 1718 772 v.
1747 706 1790 772 l.
1836 706 1920 772 ad
1963 707 2025 771 h.
2054 706 2098 772 1.

438 812 622 875 Licet
663 820 871 876 autem
917 811 1076 877 haec
1119 813 1197 876 iis
1245 811 1439 876 obiici
1486 810 1794 893 debeant,
1848 814 1954 896 qui
1996 814 2161 876 iutra
2210 811 2511 879 decadem

307 913 676 979 describere
728 914 969 980 ideales
1027 936 1328 980 numeros
1383 916 1755 994 voluerunt,
1812 924 2022 981 tamen
2066 914 2378 981 Platonici
2424 918 2514 980 ita

307 1019 407 1083 his
454 1018 673 1084 decem
714 1021 994 1084 numeris
1039 1022 1132 1084 uti
1177 1029 1507 1100 conantur,
1553 1030 1624 1085 ut
1668 1018 1748 1084 ad
1792 1019 2225 1106 explicandam
2261 1039 2511 1084 omnem

306 1140 515 1187 rerum
572 1131 859 1188 naturam
914 1123 1263 1202 sufficiant,
1301 1125 1465 1190 ⁶32:
1523 1126 1799 1207 γεννῶσι
1849 1126 2012 1208 γοῦν
2067 1118 2153 1188 τὰ
2206 1117 2512 1208 ἑπόμενα,

306 1221 453 1292 οἷον
494 1223 572 1291 τὸ
617 1221 825 1303 κενόν,
870 1222 1255 1310 ἀναλογίαν,
1299 1221 1377 1293 τὸ
1419 1222 1745 1314 περιττόν,
1784 1221 1871 1292 τοὶ
1910 1220 2082 1292 ἄλλα
2116 1222 2202 1292 τὰ
2237 1228 2512 1292 τοιαῦτα

305 1324 491 1407 ἐντὸς
532 1330 652 1409 τῆς
696 1324 986 1404 δεκάδος.
1053 1332 1221 1397 Voc.
1252 1324 1337 1396 τοὶ
1377 1329 1670 1415 ἑπόμενα
1714 1353 1986 1396 summas
2030 1330 2380 1419 significari
2415 1353 2513 1395 ca-

306 1438 589 1522 tegorias
636 1455 711 1498 ex
756 1432 962 1498 allatis
1008 1435 1309 1522 exemplis
1354 1445 1638 1522 apparet,
1684 1434 1800 1501 sed
1846 1433 2017 1501 unde
2062 1457 2199 1500 eam
2243 1438 2366 1499 vim
2406 1435 2512 1499 ad·

304 1541 575 1603 sciscere
619 1539 825 1623 possit
869 1536 1125 1604 dubium
1168 1539 1442 1604 videtur.
1517 1540 1833 1626 Equidem
1875 1538 2045 1604 baud
2089 1541 2225 1604 scio
2273 1559 2353 1602 an
2396 1560 2512 1625 per

301 1634 389 1706 τὰ
443 1635 733 1724 ἑπόμενα
791 1645 1019 1706 seriem
1081 1642 1390 1709 denotare
1441 1643 1724 1709 voluerit
1774 1646 2109 1709 notionum
2162 1663 2306 1708 sese
2354 1645 2512 1707 invi-

304 1766 439 1810 cem
485 1745 896 1828 sequentium,
941 1766 1106 1831 quae
1153 1747 1358 1815 eidem
1404 1747 1590 1814 ideae
1634 1747 2074 1827 adnectuntur,
2122 1747 2204 1814 de
2249 1769 2371 1834 qua
2416 1768 2512 1811 ra·

306 1852 486 1914 tione
529 1851 868 1913 notionum
913 1848 1066 1914 alibi
1109 1874 1171 1915 v.
1201 1848 1609 1918 ἀκολουθεῖν
1635 1856 1937 1919 usitatum
1969 1863 2078 1933 est,
2125 1851 2204 1917 cf.
2236 1851 2316 1917 ad
2346 1850 2417 1916 A
2450 1852 2509 1916 1.

303 1954 473 2019 ossla
510 1954 616 2018 27.
707 1951 887 2037 Quas
931 1957 1234 2019 notiones
1276 1955 1385 2020 vel
1428 1958 1757 2043 principiis
1800 1957 1908 2023 vel
1950 1958 2225 2022 numeris
2268 1954 2377 2019 vel
2418 1957 2514 2019 in-

306 2055 587 2121 tervallis
634 2074 1037 2121 numerorum
1082 2056 1504 2137 attribuerint,
1550 2064 1818 2148 copiose
1865 2069 2194 2148 exponunt
2224 2060 2400 2124 Alex.
2448 2069 2514 2123 et

306 2160 452 2246 Syr.
497 2158 580 2226 ad
624 2161 686 2225 b.
717 2160 759 2225 1.
807 2161 927 2240 (cf.
961 2161 1255 2248 Theoph.
1286 2163 1442 2228 Met.
1471 2187 1541 2250 p.
1561 2166 1710 2244 312,
1739 2167 1896 2246 20),
1939 2186 2148 2251 neque
2195 2174 2293 2229 est
2336 2161 2511 2249 quod

304 2268 374 2330 iu
418 2265 517 2330 bis
563 2263 1090 2331 hariolationibus
1136 2265 1400 2331 multum
1442 2271 1865 2334 immoremur.
1901 2307 1991 2319 —-
2034 2270 2365 2333 Unitatem
2405 2277 2512 2332 a'u-

302 2378 430 2434 tem
475 2390 594 2455 pro
640 2372 957 2455 principio
1003 2369 1243 2435 habent
1285 2374 1688 2458 imparitatis,
1747 2376 1893 2458 quia
1941 2394 2017 2437 ea
2063 2371 2338 2448 adiecta,
2389 2391 2513 2437 nec

302 2493 459 2537 vero
519 2495 637 2558 per
691 2473 957 2539 triadem
1016 2472 1289 2540 aliumve
1345 2497 1674 2542 numerum
1724 2478 1970 2542 numeri
2012 2475 2180 2541 fiunt
2220 2477 2512 2560 impares,

304 2579 442 2642 ⁶36
469 2599 563 2663 sq.
598 2614 678 2628 —
727 2577 883 2643 Item
930 2578 1399 2666 magnitudines
1443 2582 1912 2646 mathematicas
1942 2580 2026 2645 ad
2056 2580 2383 2645 denarium
2414 2599 2512 2641 re-
2632 2631 2651 2640 ,

302 2680 585 2775 tulerunt
627 2701 984 2760 numerum,
1032 2682 1337 2769 siquidem
1387 2686 1623 2748 unitati,
1654 2695 1975 2771 punctum,
2020 2682 2219 2769 dyadi
2262 2683 2511 2762 lineam,

302 2784 490 2849 triadi
515 2783 789 2870 planum,
812 2785 1045 2851 tetradi
1070 2808 1308 2873 corpus
1329 2787 1756 2867 contulerunt,
1780 2791 1885 2874 qui
1911 2791 2155 2853 numeri
2187 2789 2513 2853 coniuncti

302 2892 469 2953 inter
496 2910 567 2953 se
599 2888 903 2956 decadem
934 2890 1236 2968 efficiunt,
1276 2894 1409 2958 «137
1431 2893 1624 2970 -ὂ2,
1658 2892 1738 2957 cf.
1762 2895 1840 2959 N
1853 2894 1915 2959 3.
1944 2893 2147 2957 10901»
2172 2894 2279 2957 22.
2320 2893 2384 2955 Ζ
2404 2893 2508 2957 11.

303 2994 507 3060 103611
538 2996 643 3059 14.
701 2993 784 3060 de
824 3016 925 3060 an.
961 2995 993 3060 1
1035 2996 1097 3061 2.
1141 2997 1303 3063 4Ο4ὂ
1344 2997 1447 3062 18.
1504 2996 1777 3062 Brandis
1809 2996 2042 3063 Gescb.
2073 2997 2136 3061 11
2174 2998 2235 3061 1.
2270 3018 2330 3082 p.
2358 2998 2509 3061 313.

298 3137 388 3150 -
423 3100 509 3162 bl
556 3091 702 3163 οἷον
745 3095 788 3177 ἡ
831 3094 1055 3186 πρώτη
1112 3093 1384 3188 γραμμὴ
1439 3094 1722 3186 ἄτομος,
1779 3104 1822 3165 i.
1859 3122 1915 3164 e.
1961 3097 2004 3178 ἡ
2049 3095 2262 3184 μονάς
2306 3101 2512 3180 (banc

304 3206 470 3267 enim
513 3222 656 3265 voc.
685 3196 912 3286 πρώτη
954 3204 1302 3291 significari
1348 3206 1764 3290 cognoscitur
1799 3226 1876 3269 ex
1912 3208 2217 3290 opposito
2252 3201 2297 3283 ἡ
2332 3198 2511 3281 δυάς,

302 3305 383 3369 cf.
416 3303 591 3369 Alex.
632 3328 695 3391 p.
731 3307 876 3382 751,
913 3306 1040 3386 12)
1086 3311 1272 3373 ἐστιν.
1302 3304 1346 3386 ἡ
1392 3300 1667 3391 γραμμὴ
1713 3301 1977 3390 ἄτομος.
2054 3308 2254 3374 Linea
2300 3317 2511 3373 autem

302 3407 632 3475 individua
677 3408 828 3494 quid
874 3412 958 3473 sit
1001 3409 1256 3476 Platoni
1301 3410 1382 3474 cf.
1428 3409 1510 3474 ad
1553 3411 1627 3474 A
1671 3413 1732 3476 9.
1777 3412 1945 3475 9920
1983 3412 2093 3477 22.

433 3602 520 3683 3)
570 3602 786 3680 Quale
819 3604 1225 3689 principium
1266 3605 1582 3672 unitatem
1624 3626 1768 3670 essa
1808 3605 2008 3670 velint
2040 3603 2401 3692 quaeritur,
2446 3611 2509 3668 et

302 3729 471 3793 quae
527 3729 674 3773 cum
728 3730 810 3772 ea
851 3731 927 3771 re
970 3711 1351 3778 coniunctae
1393 3719 1546 3776 cunt
1589 3707 2026 3774 dubitationes
2073 3710 2507 3789 excutiuntur,

303 3811 507 3878 1084b
531 3813 575 3876 2
592 3850 680 3862 --
695 3812 758 3877 9.
792 3812 1003 3879 1085a
1030 3814 1088 3879 7.

430 3930 503 3995 Si
546 3953 875 3997 numerum
922 3954 1063 3997 cum
1092 3930 1366 3998 Platone
1408 3943 1721 4019 tamquam
1759 3931 2174 4000 substantiam
2211 3929 2507 3996 absoluta

304 4036 704 4100 exsistentem
749 4039 1049 4123 ponimus
1094 4069 1177 4086 ·-
1222 4040 1514 4101 nimirum
1561 4040 1615 4101 si
1659 4040 1800 4122 quis
1844 4059 1984 4102 cum
2017 4037 2124 4102 Ar.
2162 4033 2245 4100 de
2283 4044 2507 4102 natura

301 4141 549 4202 numeri
591 4142 936 4218 consentit,
998 4161 1071 4205 ea
1125 4143 1413 4227 quaestio
1459 4161 1594 4205 non
1639 4150 1855 4228 potest
1897 4143 2142 4208 moveri
2188 4178 2267 4191 —
2317 4160 2507 4225 quae-

300 4245 459 4307 ritur
503 4252 711 4309 utrum
759 4248 840 4309 sit
883 4247 1087 4330 prius,
1146 4248 1385 4326 unitaS,
1443 4265 1605 4331 quae
1664 4256 1763 4310 est
1810 4248 2063 4319 numeri
2107 4245 2505 4322 elementum,

249 4368 254 4372 ·
302 4367 384 4411 an
425 4346 670 4436 singuli
709 4352 953 4418 numeri
995 4347 1198 4416 veluti
1240 4347 1403 4436 dyas
1429 4353 1600 4417 trias.
1673 4350 1804 4416 lam
1849 4361 2160 4438 qnatenus
2203 4367 2504 4415 numerus
