3043 4973
1175 236 1261 306 Η
1300 229 1367 308 5.
1450 233 1716 310 10441).
2405 233 2544 313 373

339 405 667 494 πρῶτον
709 404 986 494 πάσχον,
1032 408 1109 474 cf.
1158 409 1241 475 de
1289 411 1509 476 eadem
1554 414 2548 500 quaestione·proximi·⁸ubieeti

340 513 508 597 ἸὊΡ.
533 509 631 576 'VI
666 515 727 577 6.
766 514 934 578 145⁸
962 514 1070 580 23.
1123 517 1186 579 9.
1228 517 1386 582 14Ἱό
1409 518 1514 581 31.
1552 553 1629 568 -
1671 517 1799 581 615
1841 511 2056 583 ὕπνου
2095 515 2156 582 δ’
2196 512 2446 599 ἄδηλον
2479 520 2547 582 τί

338 608 416 680 τὸ
453 617 717 702 πρῶτον
753 613 1033 702 πάσχον.
1103 614 1250 683 ἀλλ’
1285 616 1395 683 ὅτί
1424 614 1502 684 τὸ
1541 619 1746 702 gridon»,-
1789 621 1918 697 ναί,
1956 613 2130 685 ἀλλὰ
2162 624 2293 687 κτλ.
2370 624 2546 686 Haeo

336 720 391 782 si
427 729 603 784 recte
638 720 1016 786 exhibentur
1048 722 1270 786 verba:
1317 720 1463 788 ἀλλ’
1501 717 1609 787 ὅτι
1650 716 1729 787 τὸ
1774 722 1973 805 ζῷονς
2019 726 2108 788 ita
2150 724 2287 789 fere
2327 723 2544 789 viden-

336 832 443 887 tur
478 823 835 909 supplenda
877 845 1043 888 esse:
1089 821 1233 890 ἀλλ’
1273 824 1430 902 ἴσως
1475 818 1561 891 ἂν
1604 824 1774 891 εἴποι
1809 849 1907 899 τις
1944 821 2049 889 ὅτι
2084 820 2162 891 τὸ
2201 823 2370 910 ζῷόν
2408 833 2544 893 ἐστι

324 918 413 1006 ,ro
449 927 712 1013 πρῶτον
746 923 1021 1013 πάσχον.
1098 929 1200 994 Ad
1237 950 1400 1018 quae
1438 929 1674 995 deinde
1709 929 2163 1016 respondetur:
2205 932 2337 1008 ναί,
2369 925 2544 995 ἀλλὰ

335 1030 471 1093 κτλ.
559 1030 689 1095 Sed
732 1032 902 1097 haud
947 1035 1081 1097 seio
1128 1054 1211 1097 an
1256 1054 1377 1118 pro
1425 1030 1598 1098 ἀλλ’·
1613 1027 1717 1097 ὅτι
1758 1033 2093 1098 scribenda
2138 1037 2220 1098 sit
2267 1033 2540 1099 formula

331 1133 444 1198 illa
488 1137 554 1198 in
600 1134 873 1224 dialogis
920 1136 1001 1200 ad
1049 1135 1480 1222 oe'cupandam
1517 1140 2004 1221 responsionem
2039 1137 2382 1202 admodum
2419 1140 2542 1203 usi-

334 1248 493 1303 tata:
536 1231 703 1304 ἄλλο
745 1263 837 1318 τι,
895 1239 1237 1305 vernacule
1279 1239 1457 1305 nicht
1496 1240 1714 1321 waler,
1771 1240 1857 1305 de
1903 1263 2025 1327 qua
2072 1242 2151 1307 cf.
2198 1244 2413 1307 Herm.
2457 1241 2540 1307 ad

333 1344 486 1431 vig.
530 1366 591 1428 p.
626 1345 774 1410 730.
836 1343 1062 1410 Stallb.
1110 1344 1193 1410 ad
1229 1342 1387 1409 Plat.
1429 1343 1620 1430 Apol.
1667 1343 1827 1408 24d.

1241 1615 1470 1689 CAP.
1539 1616 1628 1688 V.

467 1759 541 1825 In
588 1762 683 1825 his
728 1763 925 1849 igitur
969 1760 1417 1826 affectionibus
1464 1772 1534 1827 et
1569 1759 2027 1839 accidentibus,
2070 1759 2222 1826 licet
2264 1782 2396 1826 non
2434 1762 2545 1825 ha«

331 1864 525 1930 beant
567 1868 890 1930 materiam
934 1865 1058 1931 sibi
1101 1866 1476 1946 subiectam,
1520 1875 1587 1930 at
1630 1868 1964 1953 generatio
2009 1874 2218 1929 tamen
2265 1868 2542 1930 cernitur

333 1978 399 2032 et
442 1971 762 2048 interime,
821 1970 943 2034 alia
987 1991 1145 2035 vero
1193 1982 1465 2048 exstant,
1526 1989 1687 2055 quae
1746 1972 1887 2034 sine
1928 1973 2347 2056 generatione
2392 1979 2542 2035 simi

210 2063 221 2072 ”
333 2080 398 2136 et
442 2075 579 2136 sine
621 2076 880 2139 interitu
926 2095 1059 2139 non
1102 2084 1269 2139 sunt.
1359 2073 1435 2138 Id
1478 2076 1545 2137 in
1587 2073 1825 2137 formas
1870 2094 2078 2137 rerum
2125 2073 2383 2151 cadere,
2439 2093 2541 2137 su-

330 2197 447 2262 pra
494 2185 590 2240 est
635 2176 1132 2243 demonstratum
1179 2178 1242 2240 Z
1272 2179 1344 2253 ὃς
1402 2180 1483 2241 iis
1528 2178 1634 2242 Ar.
1682 2179 1810 2242 hoe
1868 2177 2018 2242 loco
2075 2177 2257 2241 addit
2301 2186 2539 2262 puncta

330 2279 766 2345 mathematica
826 2282 947 2364 (cf.
991 2282 1060 2346 B
1105 2284 1168 2348 5.
1216 2283 1425 2345 100211
1467 2280 1626 2362 32):
1684 2278 1828 2346 οἷον
1880 2284 1948 2345 αἱ
2008 2282 2305 2363 στιγμαί,
2362 2277 2537 2365 εἴπερ

333 2386 487 2462 εἰσί,
533 2387 691 2462 ῠ22,
748 2385 809 2450 h.
847 2408 901 2450 e.
949 2385 1256 2473 siquidem
1304 2407 1479 2450 esse
1536 2407 1607 2449 re
1660 2407 1808 2449 vera
1853 2384 2239 2459 indicantum
2296 2382 2540 2447 scilieet

329 2509 465 2553 non
514 2511 588 2555 ex
633 2511 745 2553 sua
791 2493 1107 2557 sententia
1151 2491 1278 2555 hoc
1322 2490 1488 2567 dicit,
1535 2488 1649 2553 sed
1696 2510 1771 2553 ex
1814 2491 2130 2553 sententia
2173 2486 2539 2577 Platonico-

330 2614 497 2669 rum,
547 2593 737 2657 rebus
783 2594 1232 2658 mathematicis
1279 2596 1701 2658 exsistentiam
1747 2591 2174 2657 tribuentium.
2264 2593 2537 2656 Formae
2600 2586 2604 2590 ’

333 2700 532 2786 igitur
577 2720 766 2782 quum
810 2718 933 2761 nec
974 2697 1134 2761 fiant
1175 2719 1297 2762 nec
1341 2707 1669 2761 transeant
1712 2698 1980 2759 invicem
2028 2694 2226 2759 altera
2270 2698 2336 2759 in
2383 2694 2536 2759 alte-

330 2823 490 2880 ram,
548 2822 632 2866 ne
688 2805 1010 2866 materiam
1068 2799 1321 2886 quidem
1380 2800 1503 2865 sibi
1559 2799 1901 2864 subiectam
1958 2808 2229 2886 possunt
2270 2796 2534 2874 habere;

330 2908 591 2969 materia
636 2908 802 2969 enim
848 2903 939 2969 ibi
985 2927 1164 2969 suum
1210 2904 1402 2969 babet
1445 2905 1688 2983 locum,
1744 2903 1856 2969 ubi
1916 2902 2065 2990 quid
2120 2906 2187 2967 in
2234 2904 2535 2988 opposita

331 3013 419 3073 ita
476 3019 778 3087 mutatur,
834 3019 905 3073 ut
961 3013 1215 3074 tertium
1274 3009 1595 3096 quidpiam
1651 3011 2010 3095 requiratur
2062 3007 2238 3095 qnod
2285 3016 2537 3071 maneat

330 3116 399 3178 in
443 3117 809 3189 mutatione,
856 3112 935 3176 ef.
982 3115 1055 3177 Λ
1096 3116 1155 3177 1.
1198 3116 1399 3178 106911
1435 3115 1496 3177 6.

465 3222 541 3297 e)
589 3217 792 3281 10441»
829 3214 1257 3281 29—10456
1288 3218 1350 3280 6.
1451 3210 1782 3280 Materiam
1842 3234 2030 3301 quum
2081 3218 2166 3279 iis
2219 3217 2287 3278 in
2343 3213 2534 3278 rebus

330 3323 507 3385 cerni
564 3322 1036 3396 monitumssit,
1097 3341 1257 3405 quae
1314 3322 1726 3384 mutationem
1772 3323 1838 3383 in
1885 3321 2201 3383 contraria
2243 3316 2533 3394 subeunt,

332 3435 831 3491 consentaneum
877 3434 974 3491 est
1016 3422 1248 3488 deinde
1293 3427 1543 3508 quaeri,
1590 3423 1918 3509 quomodo
1957 3422 2042 3486 ad
2086 3423 2243 3487 haec
2286 3431 2532 3486 eontra-

330 3533 424 3594 ria
483 3532 741 3593 materia
800 3528 1126 3593 referatur.
1219 3529 1429 3613 Atque
1485 3527 1706 3592 eadem
1760 3528 1865 3591 hie
1918 3529 2265 3592 instituitur
2315 3525 2533 3593 distin-⁸

330 3638 493 3712 etin,
546 3654 669 3719 qua
713 3636 957 3716 γένεσις
1000 3630 1180 3711 ἁπλῆ
1224 3634 1582 3719 seiungitur
1626 3654 1661 3695 a
1706 3634 1951 3715 γενέσει
1989 3625 2161 3695 κατὰ
2203 3630 2533 3714 συμβεβη·

332 3733 463 3815 κός,
510 3735 592 3800 cf.
626 3735 707 3800 ad
747 3738 804 3800 1.
838 3737 1042 3803 10420
1069 3738 1126 3799 7.
1195 3737 1463 3801 Materia
1500 3739 1668 3800 enim
1711 3754 1905 3821 quum
1951 3733 2172 3798 eadem
2213 3743 2282 3798 et
2323 3735 2535 3819 'potie-

328 3845 421 3906 ris
465 3841 709 3905 formae
753 3842 832 3903 sit
879 3850 942 3904 et
986 3838 1338 3919 deterioris,
1379 3838 1950 3926 potioris-quidem
1992 3837 2239 3901 formae
2272 3840 2532 3901 materia
2621 3908 2642 3927 ,

334 3954 451 4023 est,
488 3955 801 4030 quatenus
845 3940 927 4006 ad
973 3942 1252 4007 habitum
1300 3956 1366 4008 et
1407 3944 1673 4008 formam
1715 3941 1933 4019 tendit,
1980 3941 2316 4006 deterioris
2358 3962 2532 4019 vere,

335 4057 648 4135 quatenus
694 4058 917 4112 contra
965 4058 1264 4125 naturam,
1308 4051 1594 4111 nimirum
1632 4049 1870 4131 optima
1910 4064 2196 4131 quaeque
2230 4055 2534 4132 appeten·

336 4162 479 4229 tem,
525 4151 606 4216 ad
645 4153 1062 4237 privationem
1105 4160 1171 4215 et
1206 4153 1526 4215 interitum
1561 4152 1786 4237 vergit.
1818 4186 1899 4199 —
1949 4148 2146 4233 Quod
2190 4159 2400 4214 autem
2447 4171 2532 4214 ex

334 4258 490 4319 vino
537 4266 798 4334 acetum,
847 4276 921 4320 ex
965 4257 1218 4319 homine
1265 4259 1414 4320 vivo
1461 4253 1734 4318 cadaver
1775 4253 1917 4318 fieri
1952 4252 2233 4330 dicimnS,
2279 4255 2402 4318 hoc
2438 4265 2536 4317 est

338 4370 547 4425 autem
595 4381 668 4424 ex
712 4351 967 4446 potiore
1010 4358 1214 4426 forma
1252 4358 1631 4427 deteriorem
1665 4368 1734 4424 et
1762 4359 2200 4445 privationem,
2245 4355 2311 4422 id
2345 4377 2534 4443 quum
2605 4394 2610 4404 ·
