3043 4973
1102 291 1113 294 -
1167 228 1214 296 Ι
1261 222 1323 299 l.
1407 222 1676 301 105212.
2376 228 2522 305 417

446 399 478 453 b
493 399 579 463 16
623 391 701 464 τὸ
757 400 856 465 ἑνὶ
913 393 1083 466 εἶναι
1122 393 1214 465 ’τὰ
1271 397 1622 489 ἀδιαιρέτῳ
1666 403 1847 471 &otiu
1889 400 2083 485 abac,
2139 400 2302 494 ὅπερ
2356 406 2524 490 τῷδε

314 494 461 565 ὄντι
500 503 617 568 καὶ
658 497 1001 590 ἀχωρίστῳ
1045 499 1091 584 ἢ
1125 500 1315 590 τόπῳ
1356 500 1403 586 ἢ
1446 504 1604 572 εῖδει
1641 500 1688 588 ἢ
1730 507 2016 592 διανοίᾳ.
2105 509 2285 574 Haec
2325 507 2522 577 lectio

312 606 370 670 si
415 614 515 694 est
556 610 854 694 genuina,
898 602 1260 695 ἀχώριστος
1305 607 1527 676 eadem
1571 610 2047 700 significatione
2084 621 2181 678 est
2213 615 2524 699 accipien-
2617 645 2628 650 -

311 706 460 773 dum
505 731 630 795 qua
674 706 1079 797 ἀδιαίρετος,
1136 721 1208 777 ut
1259 713 1357 778 bis
1414 714 1631 780 verbis
1687 712 1856 779 idem
1912 714 2049 780 fere
2093 713 2263 781 dicat
2303 737 2381 781 ac
2421 738 2524 782 su-

309 832 428 896 pra
466 814 631 878 ⁴:36:
687 808 911 880 πάντα
968 814 1038 882 δὲ
1088 817 1299 881 ταῦτα
1340 817 1412 881 ἓν
1453 819 1550 900 τῷ
1592 814 1972 904 ἀδιαίρετον
2016 814 2184 884 εἶναι
2224 819 2360 884 τῶν
2400 822 2523 904 μὲν

316 908 440 994 τὴν
482 916 767 997 κίνησον,
820 920 953 983 τῶν
996 918 1064 985 δὲ
1108 913 1232 998 τὴν
1273 912 1509 999 νόησιν
1551 920 1664 986 καὶ
1706 915 1826 987 τὸν
1868 914 2092 1003 λόγον.
2184 922 2270 987 At
2310 925 2366 987 si
2407 944 2522 988 vo-

307 1016 535 1084 luisset
577 1020 685 1084 Ar.
732 1020 1064 1107 explicare,
1112 1031 1275 1108 quot
1316 1022 1526 1088 modis
1568 1021 1965 1089 individuum
2012 1023 2330 1112 quidpiam
2372 1046 2522 1111 pos-

308 1123 394 1186 sit
435 1120 585 1202 dici,
647 1143 723 1188 ea
780 1122 1118 1211 explicatio
1168 1123 1465 1191 addenda
1508 1136 1648 1191 erat
1692 1124 1772 1193 ad
1817 1120 1896 1192 τὰ
1940 1124 2289 1216 ἀδιαιρέτῳ
2333 1125 2519 1208 εἶναι,

306 1243 444 1291 non
504 1224 586 1290 ad
643 1220 804 1315 ὅπερ
848 1228 1013 1312 τῷδε
1060 1221 1229 1306 ὄντι,
1287 1249 1556 1315 quorum
1613 1229 1955 1297 verborum
2011 1231 2211 1322 longe
2269 1231 2522 1298 diversa

307 1340 409 1396 est
451 1330 867 1420 significati03
915 1341 1008 1411 et,
1052 1330 1121 1396 id
1166 1332 1342 1417 quod
1384 1336 1821 1421 gravissimum
1867 1346 1981 1415 est,
2029 1331 2393 1423 ἀχάριστος
2435 1356 2520 1402 ne

307 1437 526 1522 pot'est
581 1434 833 1522 quidem
890 1433 1060 1501 idem
1117 1434 1481 1522 significare
1539 1448 1730 1525 atque
1783 1434 2176 1525 ἀδιαίρετος.
2268 1440 2520 1505 Etenim

302 1534 625 1626 χωριστός
669 1541 990 1604 constanti
1035 1539 1394 1604 Aristotelis
1453 1563 1574 1607 usu
1629 1562 1768 1608 non
1819 1541 2141 1631 significat
2183 1542 2359 1628 quod
2405 1542 2523 1608 di-

304 1642 477 1708 vidi
515 1653 747 1729 potest,
793 1642 907 1708 sed
953 1641 1128 1730 quod
1172 1652 1391 1729 potest
1434 1647 1752 1734 seiungi
1799 1645 1880 1710 ab
1920 1646 2049 1711 alio
2084 1646 2190 1710 vel
2224 1648 2523 1712 exsisten-

305 1751 394 1813 tia
438 1747 547 1813 vel
591 1750 1014 1837 cogitatione,
1057 1755 1132 1811 ut
1172 1768 1315 1832 per
1359 1768 1445 1813 se
1485 1749 1595 1814 vel
1638 1750 1724 1815 sit
1765 1749 1873 1814 vel
1917 1753 2255 1838 cogitetur,
2308 1749 2389 1814 cf.
2435 1748 2520 1814 ad

305 1852 376 1917 E
415 1855 473 1918 1.
523 1853 727 1919 1025b
765 1853 873 1920 28.
937 1851 1149 1916 1026·
1188 1854 1261 1930 9,
1321 1854 1506 1938 eique
1564 1854 1933 1939 oppositum
1996 1862 2096 1919 est
2138 1848 2519 1942 ἀχώριστος,

305 1954 461 2021 ibid.
510 1958 721 2022 10260
765 1958 869 2022 14.
962 1956 1039 2020 ln
1093 1959 1286 2020 tantis
1344 1956 1574 2026 horum
1631 1955 1971 2022 verborum
2027 1954 2520 2024 difficultatibus

303 2081 440 2125 non
484 2060 738 2126 videtur
780 2058 1173 2148 negligenda
1216 2080 1356 2126 esse
1398 2059 1594 2128 lectio
1641 2059 1785 2125 cod.
1832 2059 1946 2138 Ab,
2005 2081 2190 2147 quam
2250 2058 2518 2126 eandem

306 2162 476 2251 apu'd
518 2164 940 2231 Alexandrum
981 2187 1045 2251 p.
1070 2167 1219 2244 578,
1244 2163 1337 2229 28
1380 2184 1457 2229 ex
1486 2164 1748 2251 Sepulv.
1795 2167 2017 2251 putavi
2060 2162 2518 2232 restituendam

304 2289 476 2347 esse,
541 2269 719 2353 ἰδίᾳ
766 2270 1141 2353 χωριστῷ
1199 2267 1551 2333 exhibentis
1609 2289 1731 2354 pro
1783 2265 2145 2354 ἀχωρίστῳ.
2235 2270 2420 2332 Hanc
2462 2269 2519 2332 si

304 2372 682 2461 probaveris
726 2372 1086 2449 lectionem,
1130 2372 1256 2437 hoc
1294 2367 1623 2437 videbitur
1654 2373 1761 2437 Af.
1808 2372 2051 2437 dicere:
2096 2373 2356 2437 unitatis
2401 2391 2520 2436 no-

306 2480 401 2543 tio
445 2481 513 2543 in
552 2475 883 2543 individua
922 2477 1202 2541 cernitur
1238 2485 1497 2553 natum
1543 2474 1661 2540 sed
1695 2494 1833 2541 non
1867 2479 2007 2563 ipsa
2045 2479 2255 2541 unitas
2291 2482 2520 2541 natura

305 2592 374 2647 et
417 2584 690 2646 essentia
736 2590 837 2645 est
881 2583 1015 2646 eius
1060 2578 1237 2666 quod
1281 2579 1512 2644 dicitur
1558 2600 1752 2644 unum
1807 2584 2036 2666 (quam
2081 2583 2520 2666 quaestionem

303 2684 565 2750 uberius
608 2707 747 2771 cap.
776 2686 821 2749 2
865 2682 1172 2748 adversus
1202 2683 1653 2771 Pythagoreos
1700 2692 1768 2749 et
1808 2683 2183 2749 Platonicos
2230 2686 2523 2764 excutit),

302 2788 419 2854 sed
451 2787 736 2853 subiecta
768 2791 826 2854 ei
859 2797 956 2853 est
987 2796 1157 2853 certa
1189 2802 1265 2852 ac
1290 2785 1557 2852 definita
1588 2787 1957 2868 substantia,
1994 2788 2146 2852 hoc
2180 2786 2522 2873 aliquid,

305 2887 468 2976 ὅπερ
511 2893 677 2974 τῷδε
724 2884 884 2970 ὄντι,
930 2902 996 2958 et
1038 2913 1115 2956 ea
1160 2890 1415 2978 quidem
1453 2913 1572 2978 per
1609 2908 1680 2957 se
1717 2895 2043 2970 exsistens,
2087 2894 2370 2957 seiuncta
2414 2888 2524 2957 vel

303 2995 455 3061 loc'o
515 3004 583 3060 et
639 2994 1000 3061 exsistentia
1054 2994 1164 3061 vel
1218 3005 1393 3065 certe
1437 2996 1734 3074 notione,
1791 2996 2089 3079 zat-1614
2126 2997 2431 3083 χωριστῷ
2473 2988 2520 3075 ἢ

303 3094 486 3183 τόπῳ
513 3091 561 3179 ἢ
590 3098 742 3164 εἴδει
768 3090 815 3179 ἦ
845 3100 1128 3184 διανοίᾳ.
1152 3137 1235 3150 -
1261 3100 1576 3166 Extremis
1605 3109 1815 3164 autem
1844 3100 2059 3165 verbis
2091 3099 2517 3167 definitionis:

303 3196 351 3282 ἢ
391 3204 506 3267 καὶ
547 3203 641 3285 τῷ
685 3197 819 3286 ὅλῳ
860 3206 974 3268 καὶ
1018 3199 1383 3289 ἀδιαιρέτῳ,
1430 3202 1582 3289 quid
1609 3203 1835 3271 faciam
1866 3220 2002 3267 non
2030 3201 2244 3273 video.
2322 3204 2522 3267 Parti-

305 3305 450 3371 cula
478 3307 594 3370 καί
621 3308 840 3393 priore
867 3306 1037 3384 loco,
1068 3309 1181 3372 καὶ
1210 3307 1302 3388 τῷ
1331 3301 1481 3389 ὅλῳ,
1510 3322 1706 3391 quum
1735 3310 1805 3371 in
1835 3305 2088 3378 duobus
2109 3303 2312 3370 mo'do
2340 3302 2522 3371 libris

301 3412 586 3475 incertae
621 3406 777 3473 fidei
806 3408 1072 3497 legatur,
1116 3408 1693 3496 nihil-magnopere
1724 3409 1942 3474 obstat
1969 3411 2121 3495 quin
2157 3430 2299 3473 eam
2339 3413 2524 3475 omit·

304 3522 538 3590 tamus3
585 3502 915 3600 praeterea
946 3514 1221 3579 fortasse
1262 3532 1337 3578 ea
1366 3512 1734 3599 corruptela
1765 3512 1961 3578 verba
1993 3512 2325 3581 liberanda
2355 3523 2524 3594 sunt,

304 3636 471 3704 quae
498 3620 867 3705 saepissime
898 3636 935 3680 a
964 3616 1237 3682 librariis
1264 3618 1603 3682 commissa
1635 3626 1736 3682 est
1761 3610 2076 3703 qdum··t·q'5
2097 3633 2221 3704 pro
2249 3612 2331 3682 τό
2369 3619 2524 3682 scri-

302 3718 549 3802 berent,
594 3731 666 3789 ut
698 3719 1042 3809 legendum
1074 3723 1183 3785 sit:
1226 3713 1276 3800 ἢ
1302 3714 1383 3785 τὰ
1412 3714 1546 3803 ὅλῳ
1573 3716 1694 3786 οιαὶ
1718 3717 2085 3807 ἀδιαιρέτῳ,
2120 3721 2180 3785 b.
2213 3740 2266 3786 e.
2303 3712 2385 3783 τὸ
2423 3716 2524 3788 dvi

305 3822 475 3891 εἶναι
514 3820 592 3891 τὸ
640 3820 989 3911 ἀδιαιρέτῳ
1028 3822 1208 3890 ἐστὶν
1245 3818 1413 3893 εἶναι
1449 3826 1604 3903 xvh,
1629 3817 1695 3905 ’ἢ
1730 3818 1807 3889 τὸ
1848 3818 2134 3907 ὅλῳκαὶ
2167 3818 2520 3910 &magive

301 3949 390 3993 sc.
438 3925 622 4007 εἶναι,
666 3929 728 3993 h.
758 3944 817 3992 e.
864 3931 1003 3994 sive
1046 3931 1230 3993 notio
1277 3918 1540 3991 inuitatis
1561 3930 1653 3991 'in
1699 3946 1780 3992 eo
1828 3926 2142 4005 consistit·
2189 3924 2365 4012 quod
2411 3925 2523 3991 ali-

304 4030 458 4118 quid
501 4041 702 4098 totum
749 4041 853 4099 est
894 4042 962 4098 et
1003 4030 1420 4097 individuum.
1499 4025 1732 4108 Ὅλον,
1774 4038 1982 4097 totum
2030 4040 2114 4096 et·
2138 4026 2518 4112 absolutum,

306 4135 484 4222 quod
524 4136 682 4200 nihil
712 4145 1047 4223 praeterea
1083 4132 1345 4200 aliunde
1382 4136 1653 4220 requirit
1693 4133 1817 4214 (cf.
1857 4134 2084 4214 A'ssssss),
2129 4133 2297 4200 idem
2339 4145 2521 4214 esset,

292 4237 483 4325 equod
526 4250 709 4305 antea
756 4236 969 4304 verbis
1007 4232 1336 4326 χωριστὸν
1380 4231 1427 4318 ἢ
1469 4233 1651 4322 τόπῳ
1694 4236 1829 4303 κτλ.
1887 4238 2150 4305 uberius
2189 4240 2519 4324 exposuitz

302 4341 470 4422 haec
508 4345 702 4432 igitur
744 4342 943 4408 verba
981 4342 1264 4423 eandem,
1311 4364 1496 4430 quam
1538 4351 1725 4410 antea
1751 4342 2057 4430 ‘pluribus
2095 4342 2378 4408 exhibuit
2417 4340 2526 4406 de-

392 4447 598 4502 Aristot.
624 4449 845 4519 metaph.
869 4450 951 4502 ed.
973 4450 1159 4503 Bonita
1179 4450 1296 4504 Vol.
1319 4451 1383 4504 H.
2048 4451 2117 4503 27
