3043 4973
1118 227 1191 298 A
1244 224 1356 299 11.
1441 224 1627 299 1018
1643 225 1706 298 ὁ.
2367 225 2520 301 249

308 422 544 467 nomen
590 400 674 468 ad
719 422 941 468 omnes
986 400 1271 467 eiusdem
1314 404 1571 489 generis
1613 404 1890 489 speeies,
1947 422 2363 490 quaeeunque
2406 403 2522 468 ali-

194 549 210 560 ·
308 527 433 592 qua
478 508 645 570 inter
688 528 760 572 se
805 505 1168 572 differentia
1205 504 1695 593 distinguuntur.
1762 505 1949 590 Quae
1978 504 2213 571 deinde
2241 507 2520 572 afferun-

310 618 443 674 tur:
492 603 623 674 ὅσα
666 613 737 674 ἂν
772 610 850 700 τῇ
887 606 1084 693 οὐσίᾳ
1121 610 1503 675 ἐναντίωσιν
1541 608 1683 693 ἔχει,
1719 607 1826 673 vel
1867 608 2053 673 latius
2095 620 2368 696 possunt
2406 631 2520 696 pa·-

309 723 447 777 tere
509 734 694 798 quam
750 717 1111 799 superiora,
1173 714 1230 776 si
1286 733 1490 799 genus
1547 732 1683 776 non
1736 732 1876 777 esse
1932 712 2101 777 idem
2158 717 2518 799 sumpseris,

308 814 418 880 vel
474 818 681 881 minus
739 815 897 894 late,
955 818 1010 880 si
1048 837 1254 903 genus
1299 814 1467 881 idem
1510 817 1806 902 posueris
1852 824 1919 880 et
1961 813 2384 881 differentiam
2428 819 2516 880 ita

309 921 706 984 restrinxeris
752 931 823 984 ut
866 922 933 984 in
980 923 1429 985 contrarietate
1476 931 1787 984 cernatur.
1875 919 1976 983 Ab
2033 918 2129 983 his
2185 939 2323 983 non
2367 938 2519 1004 pro-

312 1021 419 1088 cul
476 1022 657 1088 abest
712 1022 888 1108 quod
947 1021 1180 1088 deinde
1236 1026 1499 1088 omnino
1557 1018 1641 1087 τὰ
1695 1023 1964 1087 ἐναντία
2026 1021 2520 1087 adnumerantur

309 1135 452 1202 τοῖς
507 1130 750 1211 ἑτέροις
805 1128 896 1209 τῷ
939 1124 1123 1203 εἴδει,
1181 1138 1246 1192 et
1287 1128 1552 1190 maxime
1594 1126 1846 1212 quidem
1891 1117 1978 1190 τοὶ
2015 1120 2288 1210 πρώτως
2331 1121 2520 1208 λεγό-

308 1251 479 1312 μενα
517 1230 803 1306 ἐναντία,
847 1230 906 1294 h.
942 1251 994 1293 e.
1045 1251 1119 1294 ea
1157 1251 1318 1315 quae
1353 1231 1445 1312 τῷ
1481 1225 1646 1293 εἶναι
1678 1230 1966 1307 ἐναντία,
2007 1249 2142 1293 non
2178 1228 2271 1311 τῷ
2304 1235 2519 1294 ποιεῖν

310 1331 421 1394 vel
461 1332 717 1396 παθεῖν
758 1332 1028 1396 ἐναντία
1073 1342 1138 1397 et
1180 1332 1487 1397 similibus
1534 1332 1615 1397 de
1673 1335 1878 1398 causis
1936 1334 2257 1397 contraria
2303 1332 2520 1397 dimn-

310 1445 431 1499 tur.
502 1434 688 1519 Quae
717 1438 1001 1522 proxime
1032 1445 1450 1501 recensentur
1481 1438 1567 1501 114
1606 1431 1784 1502 ὅσων
1817 1441 1888 1501 ἂν
1925 1438 2018 1518 τῷ
2053 1436 2401 1519 τελευταίῳ
2435 1472 2514 1490 —-

309 1542 521 1625 ἕτεροι
564 1534 799 1617 αὐτῶν,
829 1560 926 1603 ·ea
970 1538 1257 1605 subiecta
1299 1550 1449 1604 sunt
1490 1538 1597 1603 vel
1639 1541 1881 1625 primae
1925 1537 2032 1603 vel
2075 1537 2394 1603 secundae
2438 1543 2520 1604 si-

308 1640 708 1729 gnificationi
752 1645 1068 1720 notionis,
1112 1642 1419 1728 siquidem
1467 1664 1503 1706 a
1547 1663 1788 1729 genere
1834 1642 1916 1707 ad
1962 1641 2209 1707 ultimas
2256 1640 2520 1707 descen-

310 1744 407 1809 dit
449 1747 715 1829 speeies,
759 1767 923 1830 quae
965 1745 1167 1810 dividi
1210 1768 1344 1812 non
1386 1756 1662 1832 possunt
1700 1745 1968 1832 amplius
1995 1749 2063 1810 in
2093 1746 2357 1830 speeies,
2401 1744 2519 1810 sed

308 1852 378 1914 in
424 1870 527 1913 res
572 1847 855 1934 singulas
901 1858 968 1913 et
1007 1847 1385 1915 individuas.
1461 1850 1758 1935 Denique
1803 1847 1979 1935 quod
2032 1847 2185 1914 dicit
2227 1849 2344 1913 1³7:
2388 1843 2520 1914 ὅσα

290 1945 386 2018 ’ἐν
429 1953 508 2041 τῇ
536 1950 705 2042 αὐτῇ
742 1948 940 2035 οὐσίᾳ
980 1946 1141 2018 ὄντα
1171 1954 1299 2038 ἔχει
1327 1949 1680 2041 διαφοράν,
1722 1951 2014 2039 equidem
2046 1955 2204 2017 etin
2237 1949 2521 2016 dictione

312 2054 583 2120 offendo
629 2077 752 2120 nec
794 2059 1173 2121 sententiam
1217 2060 1418 2142 ipsam
1463 2061 1617 2122 satis
1663 2075 1997 2141 assequor3
2041 2076 2186 2119 uam
2219 2077 2383 2140 quae
2418 2055 2522 2119 hie

313 2159 468 2224 dicit
511 2164 580 2223 ἐν
624 2158 704 2247 τῇ
747 2155 911 2247 αὐτῇ
956 2156 1154 2243 οὐσίᾳ
1198 2153 1381 2237 ὄντα,
1429 2182 1504 2226 ea
1549 2160 1705 2226 alias
1750 2158 1985 2245 ubique
2028 2162 2267 2245 opinor
2297 2158 2522 2224 dixerit

310 2257 398 2328 τὰ
441 2255 611 2328 αὐτοὶ
657 2256 821 2327 ὄντα
865 2265 941 2351 τῇ
987 2259 1202 2345 οὐσίᾳ,
1247 2274 1312 2327 et
1357 2266 1411 2327 si
1455 2286 1579 2349 qua
1625 2263 1972 2330 substantia
2008 2284 2086 2326 ao
2116 2265 2387 2327 notione
2420 2283 2522 2326 ea·

313 2365 457 2431 dem
502 2375 666 2444 sunt,
709 2385 845 2429 non
889 2376 1160 2451 possunt
1203 2366 1463 2432 differre
1495 2369 1619 2432 nisi
1654 2357 1966 2453 quatenus
2000 2375 2148 2431 sunt
2175 2364 2522 2444 individua,

310 2469 512 2535 veluti
540 2469 764 2534 Simon
798 2478 863 2535 et
891 2469 1220 2546 Socrates3
1263 2480 1331 2536 at
1362 2493 1437 2536 ea
1467 2470 1867 2549 Aristoteles,
1912 2479 1979 2535 et
2020 2479 2200 2535 reete
2240 2468 2351 2533 iile
2390 2469 2522 2554 qui-

312 2574 488 2653 dem,
542 2595 677 2639 non
735 2574 890 2639 εἴδει
942 2574 1056 2640 sed
1114 2571 1393 2658 ἀριθμῷ
1446 2580 1635 2659 ἕτερα
1678 2573 1849 2639 dieit.
1941 2572 2301 2638 Alexander
2344 2569 2522 2655 quod

311 2679 532 2743 scribit
574 2701 635 2764 p.
668 2678 821 2756 346,
864 2679 977 2742 21:
1026 2679 1141 2742 καὶ
1184 2673 1314 2740 ὅσα
1359 2681 1429 2742 ἐν
1474 2679 1552 2766 τῇ
1598 2673 1761 2767 αὐτῇ
1807 2674 2004 2760 οὐσίᾳ
2049 2670 2214 2742 ὄντα
2256 2666 2350 2757 μὴ
2396 2675 2523 2757 ἔχει

308 2782 641 2867 μηδεμίαν
684 2776 1051 2868 διαφοράν·
1105 2774 1309 2856 οὕτως
1353 2772 1441 2844 ἂν
1482 2774 1727 2846 ταύτὸν
1771 2767 1869 2858 εἴὴ
1913 2773 1991 2843 τὸ
2035 2774 2179 2842 κατ’
2219 2769 2524 2863 ἀριθμὸν

309 2878 557 2950 ταύτὸν
597 2878 762 2948 αὐτὰ
809 2881 1004 2967 αὐτῷ,
1046 2885 1162 2947 καὶ
1199 2877 1284 2948 τοὶ
1316 2879 1713 2968 πολυώνυμα
1742 2877 2070 2961 ἀλλήλοις,
2114 2884 2522 2969 negationem

313 2997 466 3053 ante
511 2985 773 3051 verbum
819 2988 945 3070 ἔχει
988 2990 1052 3051 in
1098 2996 1273 3051 textu
1319 2987 1574 3053 videtur
1604 2987 1930 3061 habuisse;
1974 2984 2090 3051 sed
2120 2996 2250 3053 tum
2279 2984 2385 3050 vel
2415 2987 2524 3048 mi-

311 3114 434 3157 nus
478 3091 637 3156 haee
678 3102 947 3177 possunt
989 3092 1216 3157 referri
1261 3090 1344 3158 ad
1387 3085 1474 3156 τὰ
1518 3097 1707 3180 ἕτερα
1751 3092 1844 3174 τῷ
1888 3088 2059 3155 εἴδει.

1207 3353 1433 3428 CAP.
1500 3353 1634 3427 XI.

447 3512 771 3577 Notiones
816 3512 936 3576 τοῦ
976 3519 1386 3600 προτέρου
1433 3522 1499 3576 et
1541 3508 1895 3595 ὑστέρον
1936 3529 2126 3594 quum
2157 3510 2525 3595 saepissime

318 3614 617 3680 adhibeat
662 3614 1069 3693 Aristoteles,
1116 3614 1487 3702 plerumque
1532 3636 1666 3680 non
1714 3634 1937 3678 omnes
1984 3613 2209 3699 quibus
2254 3621 2528 3698 possimt

316 3722 609 3805 usurpari
652 3717 1157 3806 significationes
1203 3728 1559 3797 enumerat,
1601 3716 1720 3782 sed
1764 3738 1885 3803 pro
1930 3720 2057 3794 rei,
2102 3715 2185 3780 de
2229 3737 2353 3800 qua
2397 3717 2530 3802 agi-

317 3833 450 3901 tur,
509 3831 736 3887 natura
792 3821 988 3887 modo
1040 3818 1364 3911 πρότερον
1412 3819 1612 3905 οὐσίᾳ
1656 3831 1723 3886 et
1765 3824 2010 3905 γενέσει
2054 3818 2175 3900 (ef.
2221 3817 2303 3882 ad
2347 3819 2420 3882 A
2463 3820 2527 3882 Θ.

316 3927 486 3991 989a
513 3928 597 3991 15
612 3929 657 4006 ),
693 3922 890 3989 modo
934 3921 1259 4010 πρότερον
1288 3922 1485 4008 οὐσίᾳ
1519 3935 1585 3990 et
1618 3920 1792 4008 λόγῳ
1832 3923 1956 4003 (cf.
1990 3922 2072 3987 ad
2104 3923 2194 3986 M
2214 3923 2275 3987 2.
2318 3922 2529 3989 107711

319 4029 561 4094 1-14
576 4033 620 4107 ),
664 4026 861 4094 modo
905 4025 1229 4114 πρότερον
1275 4025 1472 4112 οὐσία
1508 4025 1686 4112 λόγῳ
1716 4021 1934 4113 χρόνῳ
1974 4025 2095 4106 (ef.
2136 4025 2192 4090 Θ
2221 4028 2282 4090 8.
2315 4026 2530 4090 10491)

319 4133 401 4195 11
442 4134 617 4217 sqq.)
664 4130 1014 4218 distinguit.
1106 4131 1362 4217 Quibus
1421 4141 1629 4196 autem
1688 4128 1945 4195 duobus
1999 4128 2161 4194 loeis
2211 4128 2281 4193 id
2324 4132 2529 4215 ipsum

316 4236 450 4322 agit
503 4245 578 4300 ut
633 4237 845 4299 varias
899 4239 1223 4322 προτέρου
1279 4246 1346 4301 et
1385 4232 1663 4321 ὑστέρου
1704 4236 2012 4298 notiones
2054 4254 2278 4298 omnes
2320 4253 2529 4318 perso-

317 4348 561 4425 qnatur,
604 4339 731 4403 hoc
777 4337 922 4403 dico
969 4339 1559 4425 Metapbysicorum
1607 4348 1797 4425 eaput
1843 4348 1909 4403 et
1955 4338 2097 4417 Cat.
2144 4339 2245 4415 12,
2289 4334 2530 4401 utrobi-
