3043 4973
557 276 705 350 276
1361 277 1432 349 Δ
1481 272 1603 347 29.
1688 272 1871 347 1025
1886 296 1954 346 a.

559 456 829 542 primum
877 451 1170 519 tribuitur
1212 451 1317 517 vel
1352 453 1442 535 τῷ
1476 446 1572 537 μὴ
1608 451 2018 534 συγκεῖσθαι,
2063 450 2122 514 h.
2156 471 2211 514 e.
2259 448 2434 536 quod
2474 447 2772 515 accidens

555 579 689 625 non
733 557 1024 622 inhaeret
1066 556 1477 633 substantiae,
1520 553 1722 619 veluti
1767 547 1844 619 τὰ
1891 555 1960 619 σὲ
2003 553 2375 632 καθῆσθαι
2411 551 2642 616 falsum
2676 561 2777 616 est

557 682 684 748 quo
746 672 1033 745 tempore
1079 658 1195 724 tibi
1238 680 1375 723 non
1417 658 1706 723 inhaeret
1749 649 1827 720 τὸ
1870 657 2265 736 καθῆσθαι,
2324 655 2429 720 vel
2473 657 2564 739 τῷ
2612 650 2777 720 ἀδύ-

555 785 763 830 νατον
809 761 976 829 εἶναι
1019 764 1456 842 συντεθῆναι,
1501 761 1562 824 h.
1604 782 1657 826 e.
1704 760 1879 846 quod
1924 761 2053 825 hoc
2095 753 2390 825 accidens
2435 760 2585 824 huic
2629 758 2777 823 sub-

556 871 728 933 iecto
788 889 924 933 non
980 876 1200 952 potest
1257 868 1520 931 omnino
1578 865 1939 943 inhaerere,
1997 863 2198 928 veluti
2254 857 2333 928 τὸ
2377 858 2500 942 τὴν
2545 858 2779 947 διάμε·

555 993 717 1056 τρον
762 967 931 1036 εἶναι
974 964 1346 1056 σύμμετρον
1391 968 1512 1051 (cf.
1561 968 1644 1033 ad
1689 970 1761 1034 A
1804 971 1865 1033 2.
1913 969 2080 1033 983⁶
2118 970 2259 1048 15).
2326 967 2471 1031 Hoc
2514 977 2589 1031 ut
2632 988 2782 1053 per-

558 1083 770 1162 petuo·
808 1094 942 1140 non
989 1082 1111 1152 est,
1157 1075 1243 1137 ita
1286 1082 1604 1159 perpetuo
1650 1083 1747 1138 est
1790 1072 2066 1161 ψεῦδος,
2115 1069 2277 1136 illud
2322 1092 2478 1135 vero
2529 1081 2599 1134 ut
2643 1093 2784 1134 mu-

557 1182 782 1244 tationi
843 1187 940 1243 est
996 1177 1375 1253 obnoxium,
1442 1179 1529 1241 ita
1597 1175 1794 1240 modo
1863 1196 2081 1239 verum
2141 1182 2239 1237 est
2292 1174 2488 1239 modo
2547 1173 2782 1238 falsum

559 1277 809 1363 (οὕτω
852 1275 982 1367 γαρ
1018 1278 1135 1347 οὐκ
1171 1278 1334 1345 ὄντα
1369 1280 1580 1343 ταῦτα
1617 1281 1745 1343 1121
1761 1284 1808 1360 ).
1879 1277 2118 1343 Eadem
2158 1277 2328 1357 alibi,
2381 1278 2438 1343 Θ
2467 1279 2527 1341 4.
2563 1279 2783 1342 1047b

561 1387 672 1464 13,
718 1389 806 1450 ita
852 1384 1212 1472 distinguit,
1256 1392 1328 1447 ut
1372 1382 1638 1448 alterum
1684 1378 2047 1460 ἀδύνατον,
2093 1381 2358 1446 alterum
2403 1380 2784 1467 simpliciter

561 1490 810 1578 ψεῦδος
840 1508 979 1577 esse
1013 1487 1200 1553 dicat.
1236 1523 1316 1538 -
1363 1485 1621 1564 Deinde
1652 1485 1898 1574 ψεῦδος
1927 1489 1995 1550 in
2023 1484 2215 1550 rebus
2246 1489 2545 1562 cernitur,
2585 1495 2784 1569 quum

559 1592 665 1658 vel
702 1592 1005 1657 videntur
1043 1612 1199 1671 esse,
1244 1589 1463 1675 quales
1501 1611 1637 1654 non
1673 1598 1839 1667 sunt,
1881 1557 2087 1654 vfelut}
2122 1586 2165 1669 ἡ
2204 1589 2616 1675 σκιαγραφία
2657 1587 2782 1668 (cf.

561 1695 721 1759 Plat.
763 1695 1001 1761 Phaed.
1038 1694 1203 1762 691).
1262 1693 1345 1758 de
1383 1715 1515 1779 rep.
1552 1695 1630 1758 X.
1672 1692 1917 1773 602d)‚
1960 1690 2070 1756 vel
2116 1714 2230 1758 eae
2272 1713 2416 1778 *esse
2462 1690 2785 1769 videntur,

563 1820 725 1886 quae
772 1803 1037 1865 omnino
1082 1819 1217 1863 non
1255 1806 1426 1876 sunt,
1472 1796 1647 1883 quod
1689 1796 1765 1861 fit
1808 1798 1877 1860 in
1925 1798 2203 1862 somniis,

693 1904 799 1968 De
842 1906 1144 1967 universo
1191 1901 1316 1965 hoc
1359 1922 1598 1988 genere
1642 1894 1957 1989 ψεύδους,
2016 1899 2191 1985 quod
2249 1903 2316 1964 iu
2371 1902 2529 1985 ipsis
2585 1897 2785 1963 rebus

560 2009 730 2086 insit,
775 2006 1013 2072 sufficit
1049 2007 1251 2093 ipsius
1284 2003 1646 2070 Aristotelis
1691 2005 2082 2069 verissimum
2129 2002 2429 2068 iudicium
2476 2002 2786 2081 attulisse,

564 2111 633 2174 E
670 2112 730 2174 4.
779 2111 984 2175 1027b
1023 2111 1140 2174 25:
1199 2105 1277 2173 οὐ
1332 2103 1460 2192 γάρ
1520 2111 1658 2171 ἐστι
1715 2101 1792 2171 τὸ
1837 2107 2085 2194 ψεῦδος
2126 2108 2237 2171 καὶ
2281 2102 2360 2172 τὸ
2406 2104 2663 2185 ἀληθὲς
2707 2110 2785 2170 ἐν

564 2219 706 2288 τοῖς
748 2208 1133 2300 πράγμασιν
1181 2247 1296 2289 -,
1338 2206 1485 2275 ἀλλ’
1526 2215 1596 2275 ἐν
1640 2212 1718 2301 τῇ
1762 2211 2047 2294 διανοίᾳ.
2095 2249 2181 2260 -
2227 2212 2366 2277 ἐπεὶ
2410 2211 2479 2275 δὲ
2522 2207 2566 2289 ἡ
2612 2230 2784 2295 συμ-

565 2311 778 2395 πλοκή
840 2320 977 2384 ἐστι
1036 2315 1151 2379 καὶ
1210 2311 1252 2394 ἡ
1315 2314 1630 2400 διαίρεσις
1687 2318 1757 2378 ἐν
1815 2314 2082 2396 διανοίᾳ
2138 2310 2286 2379 ἀλλ’
2339 2311 2456 2380 οὐκ
2512 2318 2582 2379 ἐν
2634 2323 2785 2390 τοῖς

563 2414 909 2506 πράγμασι
936 2421 1072 2484 κτλ.
1142 2416 1317 2504 Quid
1350 2417 1527 2504 quod
1559 2439 1633 2482 ex
1662 2420 1798 2504 ipsa
1833 2417 2210 2484 definitione
2239 2418 2361 2482 τοῦ
2386 2414 2472 2494 ὡς
2500 2417 2785 2504 πρᾶγμα

564 2518 851 2614 ψεύδους
891 2521 1144 2597 videtur
1189 2521 1416 2609 colligi·
1457 2540 1667 2607 posse,
1710 2525 1778 2587 in
1827 2526 2219 2610 cogitatione
2251 2525 2464 2608 potius
2497 2544 2680 2608 quam
2708 2525 2785 2587 in

566 2628 758 2692 rebus
802 2631 1014 2692 inesse
1061 2630 1293 2692 erroris
1341 2644 1618 2701 causam3
1670 2628 1900 2689 etenim
1953 2649 2051 2691 vv.
2101 2627 2508 2708 συγκεῖσθαι,
2555 2646 2785 2693 συντε-

569 2732 787 2810 θῆναι
829 2732 1170 2797 manifesto
1214 2732 1542 2817 pertinent
1585 2728 1668 2793 ad
1712 2728 2059 2815 praedicati
2108 2748 2245 2794 cum
2293 2729 2582 2795 subiecto
2630 2750 2785 2793 con-

568 2837 989 2914 iunctionem,
1036 2835 1113 2900 cf.
1160 2834 1229 2898 Ε
1265 2833 1324 2897 4.
1373 2835 1578 2899 10271)
1617 2834 1719 2897 19.
1787 2832 1844 2897 Θ
1890 2833 1994 2898 10.
2044 2835 2244 2899 10516
2287 2835 2342 2911 l,
2395 2855 2557 2918 quae
2600 2835 2783 2899 nimi-

569 2956 708 3001 rum
751 2948 853 3001 est
896 2942 1125 3003 mentis
1159 2939 1499 3025 cogitantis
1535 2938 1736 3011 actio;
1782 2957 1856 2999 ac
1892 2936 2095 3015 simile
2131 2937 2448 3024 quidpiam
2477 2941 2545 3001 in
2581 2936 2783 3000 altera

573 3038 951 3107 definitione
998 3064 1072 3106 ex
1116 3064 1218 3106 vv·
1264 3040 1639 3128 φαίνεσθαι
1685 3048 1749 3103 et
1793 3043 2134 3128 φαντασία
2181 3043 2411 3105 coniici
2455 3049 2691 3127 potest.

703 3145 781 3227 b)
827 3141 1071 3230 λόγος
1111 3140 1421 3234 ψευδής
1460 3145 1920 3211 b26—-1025a
1962 3146 2019 3209 l.
2055 3180 2136 3194 --
2183 3139 2380 3229 λόγος
2425 3146 2495 3210 δὲ
2529 3137 2784 3234 ψευδὴς

572 3245 609 3314 ὁ
655 3250 787 3315 τῶν
829 3241 922 3335 μὴ
970 3243 1181 3316 ὄντων
1221 3239 1262 3340 ᾗ
1304 3241 1558 3334 ψευδής·
1592 3249 1738 3315 ὂ26.
1824 3247 1999 3333 Quid
2047 3246 2342 3315 debuerit
2383 3248 2597 3314 dicere
2642 3249 2783 3312 Ari—

570 3351 876 3431 stoteleS,
923 3356 1236 3439 cognosci
1279 3359 1497 3438 potest
1543 3351 1690 3417 coll.
1732 3351 1802 3417 Γ
1840 3355 1900 3418 7.
1949 3355 2153 3419 10111)
2194 3355 2306 3419 26:
2365 3347 2442 3419 τὸ
2487 3355 2605 3436 μὲν
2648 3347 2779 3437 γὰρ

571 3454 780 3538 λέγειν
823 3447 901 3520 τὸ
947 3448 1024 3521 ὃν
1067 3451 1159 3540 μὴ
1195 3450 1359 3521 εἶναι
1394 3447 1440 3534 ἢ
1476 3452 1555 3520 τὸ
1591 3449 1685 3540 μὴ
1722 3447 1802 3520 ὃν
1840 3449 2009 3521 εἶναι
2042 3456 2315 3547 ’ψεῦδοςι
2358 3454 2560 3523 simile
2600 3455 2780 3543 quid-
2842 3440 2851 3448 ⁰

573 3560 742 3643 piam
798 3558 925 3622 hoc
979 3557 1130 3624 loco
1190 3558 1404 3624 dicere
1450 3558 1685 3638 voluit,
1745 3558 1859 3622 sed
1904 3563 2043 3646 ipsa
2086 3560 2312 3639 verba,
2370 3563 2667 3644 quoniam
2709 3564 2778 3627 in

575 3660 953 3729 definitione
998 3660 1430 3727 definiendum
1475 3683 1711 3727 nomen
1748 3660 2052 3744 adhibuit,
2094 3664 2431 3731 manifesto
2461 3673 2608 3729 sunt
2637 3685 2778 3750 per-

572 3762 773 3851 plexa,
817 3774 889 3829 ut
931 3765 1161 3830 frustra
1207 3766 1274 3829 in
1319 3768 1394 3829 iis
1439 3765 1930 3852 interpretandis
1972 3766 2352 3845 laboremuS,
2395 3770 2530 3834 sive
2560 3766 2776 3855 vulga-

574 3878 700 3932 tam
743 3868 1087 3933 lectionem
1133 3871 1508 3947 retinemus,
1559 3872 1694 3934 sive
1738 3871 2150 3956 praeferimus
2196 3875 2624 3935 coniecturam
2666 3892 2776 3956 pa-

572 3994 709 4036 rum
757 3981 968 4059 aptam
1013 3970 1383 4051 Alexandri,
1429 3974 1538 4058 qui
1580 3964 1626 4052 ἢ
1670 3994 1790 4060 pro
1823 3963 1877 4066 ᾗ
1906 3974 2114 4038 scribi
2157 3996 2349 4061 posse
2392 3985 2591 4061 putat.
2678 3975 2772 4037 Ex

572 4076 694 4140 hac
746 4078 941 4163 igitur
994 4078 1262 4139 notione
1318 4077 1439 4141 τοῦ
1493 4077 1778 4163 ψευδοῦς
1832 4072 2034 4161 λόγου
2097 4081 2536 4164 consequitur,
2594 4088 2663 4142 ut
2717 4079 2770 4140 si

575 4177 727 4264 quid
772 4177 854 4243 de
899 4199 1028 4243 una
1069 4200 1139 4242 re
1183 4200 1334 4244 vere
1378 4179 1801 4266 praedicatur,
1842 4179 2009 4247 idem
2055 4180 2217 4246 falso
2257 4181 2657 4267 praedicetur
2691 4180 2770 4245 de

575 4280 713 4346 aliis
750 4281 961 4348 rebus,
1031 4280 1392 4348 Cuiuslibet
1433 4292 1642 4349 autem
1686 4286 1782 4349 rei
1825 4284 2248 4351 substantialis
2293 4285 2546 4372 quidem
2588 4287 2769 4351 notio

573 4407 700 4452 una
746 4397 871 4466 est,
918 4386 995 4451 cf.
1044 4386 1126 4451 ad
1167 4386 1237 4452 B
1277 4389 1338 4454 3.
1384 4389 1547 4454 9981»
1589 4389 1703 4467 ll,
1758 4387 1876 4453 sed
1920 4392 2219 4475 quoniam
2262 4390 2431 4457 idem
2472 4387 2771 4475 quodam-
