3043 4973
515 228 655 305 174
1337 228 1413 300 Γ
1447 224 1520 299 2.
1603 191 1872 300 106311.

510 407 581 473 δὲ
635 401 716 472 τό
769 427 842 471 τε
899 398 978 471 ὃν
1034 400 1218 471 ἅπαν
1271 400 1439 469 καθ’
1479 408 1551 470 ἕν
1604 426 1670 468 τι
1723 404 1836 468 καὶ
1879 395 2102 469 κοινὸν
2151 403 2408 487 λέγεται
2457 401 2709 468 πολλα-

505 511 639 596 χῶς
680 505 1098 594 λεγόμενον),
1157 518 1222 574 et
1278 530 1396 596 per
1452 528 1524 572 se
1570 516 2064 571 consentaneum
2111 516 2208 572 est
2252 507 2471 572 eadem
2519 528 2708 572 omne

511 636 624 679 ens
668 616 1038 702 investigari
1084 625 1147 678 et
1191 614 1499 699 cognosci
1542 615 1838 691 scientia,
1897 623 1961 676 et
2006 609 2301 697 exemplis
2353 610 2708 676 medicinae

510 718 896 803 aliarumque
940 720 1161 782 artium
1198 715 1676 801 comprobatur.
1751 716 1930 804 Ergo
1979 719 2216 780 entium
2260 720 2538 781 omnium
2582 737 2712 781 una

511 832 698 908 atque
745 820 963 886 eadem
1010 831 1108 886 est
1150 823 1430 886 scientia.
1463 857 1552 868 —
1596 821 1671 885 In
1717 818 2182 908 distinguendis
2225 818 2438 885 verbis
2469 822 2711 885 Aristo-

511 927 653 991 telis
712 924 987 1013 paullum
1050 947 1087 989 a
1140 929 1519 990 recensione
1577 923 1976 989 Bekkeriana
2034 926 2289 989 recessi.
2378 922 2709 990 Bekkerus

509 1033 589 1096 bl
638 1039 786 1117 post
829 1025 1032 1110 αὐτῆς
1078 1039 1141 1093 et
1185 1031 1226 1094 4
1271 1038 1422 1114 post
1465 1031 1758 1113 ἰατρικῆς
1801 1040 1866 1093 et
1910 1031 1951 1094 5
1992 1037 2145 1115 post
2180 1023 2435 1105 τούτοις
2472 1038 2709 1114 puncta

510 1138 774 1201 maxima
818 1137 1062 1220 posuit;
1108 1132 1224 1198 sed
1266 1131 1663 1219 probabilius
1707 1131 1975 1212 videtur,
2021 1154 2211 1219 quum
2255 1141 2406 1218 post
2450 1154 2553 1197 vv.
2592 1130 2711 1219 οὐχ

512 1233 870 1325 ὁμωνύμως
924 1235 1194 1301 addatur
1247 1236 1558 1324 particula
1613 1236 2007 1304 adversativa
2069 1231 2241 1313 ἀλλ’,
2306 1256 2441 1302 non
2503 1236 2710 1302 solum

513 1342 634 1409 alia
694 1340 998 1429 quaedam
1057 1340 1341 1429 exempla
1399 1343 1752 1404 enumerari
1804 1343 1936 1405 τῶν
1990 1332 2159 1426 πρὸς
2212 1338 2284 1404 ἓν
2327 1342 2708 1425 λεγομένων,

510 1446 627 1513 sed
674 1469 748 1512 ea
792 1444 874 1510 ad
918 1447 1116 1532 ipsam
1165 1448 1326 1510 entis
1369 1446 1702 1510 notionem
1744 1445 1997 1524 referri,
2050 1444 2117 1509 id
2164 1443 2337 1530 quod
2383 1444 2570 1518 facile
2614 1465 2708 1509 as-

511 1554 831 1639 sequimur
874 1571 967 1628 ea,
1013 1570 1194 1635 quam
1241 1551 1499 1627 institui,
1546 1548 1975 1615 distinctione.
2041 1549 2328 1636 Longius
2366 1559 2575 1615 autem
2611 1571 2711 1615 ex-

511 1655 688 1722 tendi
734 1657 1135 1720 enunciatum
1180 1656 1567 1741 argumentis
1614 1653 1996 1740 exemplisve
2051 1651 2274 1731 illatis,
2329 1652 2396 1719 id
2456 1653 2709 1740 quidem

512 1762 976 1827 usitatissimum
1026 1769 1122 1822 est
1166 1756 1508 1822 Aristoteli.
1600 1758 1886 1835 (Eodem
1935 1755 2223 1844 exemplo
2266 1758 2389 1823 τοῦ
2427 1754 2714 1841 ὑγιεινοῦ

514 1864 596 1930 ad
629 1861 1000 1929 illustranda
1039 1854 1124 1925 τοὶ
1159 1863 1534 1946 πλεοναχῶς
1568 1857 1890 1946 λεγόμενα
1922 1866 2117 1927 utitur
2145 1864 2312 1949 Top.
2343 1864 2373 1928 Ι
2405 1864 2509 1929 15.
2545 1864 2711 1928 106ῠ

510 1972 661 2050 34.)
734 1966 990 2033 Deinde
1026 1967 1111 2030 ⁶9
1153 1973 1305 2051 post
1346 1962 1576 2041 οὐσίας
1619 1986 1891 2045 comma,
1948 1965 2122 2051 quod
2165 1969 2231 2030 in
2278 1967 2568 2032 omnibus
2616 1975 2714 2031 est

510 2073 690 2139 libris
722 2071 924 2150 editis„
962 2068 1376 2136 omittendum
1405 2068 1698 2148 iudicavi,
1733 2091 1862 2156 quo
1892 2073 2092 2158 magis
2128 2081 2478 2157 appareret,
2514 2071 2709 2134 verba

512 2179 643 2244 τῶν
699 2171 864 2264 πρὸς
918 2169 1040 2255 τὴν
1099 2170 1332 2240 οὐσίαν
1389 2175 1751 2258 λεγομένων
1807 2173 2075 2261 perinde
2132 2195 2437 2262 suspensa
2487 2196 2628 2239 esse
2673 2196 2709 2237 a

511 2305 615 2347 vv.
660 2281 929 2372 φθοραὶ
972 2274 1017 2359 ἢ
1061 2272 1389 2362 στερήσεις
1431 2314 1516 2327 --
1560 2273 1904 2361 γεννητικά
1949 2301 2024 2342 ac
2068 2282 2419 2367 genitivum
2465 2274 2710 2353 οὐσίας.

513 2385 846 2474 Significat
901 2393 1105 2449 autem
1163 2382 1259 2446 his
1315 2380 1558 2460 verbis,
1607 2384 1691 2446 ⁶6
1737 2378 1822 2447 τοὶ
1861 2384 1982 2468 μὲν
2024 2377 2154 2469 γὰρ
2198 2378 2302 2449 ὅτι
2360 2379 2576 2447 οὐσίαι
2623 2419 2711 2430 -

515 2495 601 2558 10
646 2488 892 2569 οὐσίας,
943 2486 1165 2553 eadem
1209 2484 1369 2564 fere,
1419 2509 1582 2572 quae
1635 2486 1785 2552 alibi
1830 2489 2048 2555 decem
2096 2491 2554 2577 categoriarum
2602 2506 2713 2573 ge-

511 2595 774 2661 neribus
806 2592 1263 2680 complectitur,
1308 2591 1385 2655 cf.
1426 2591 1607 2655 Alex.
1650 2615 1714 2677 p.
1747 2595 1892 2672 198,
1925 2596 1962 2659 1
1997 2616 2148 2680 sqq„
2192 2613 2314 2657 nec
2360 2602 2565 2656 tamen
2608 2593 2713 2655 iis-

513 2699 656 2766 dem
700 2703 897 2765 utitur
939 2696 1298 2762 nominibus
1341 2695 1447 2761 vel
1494 2695 1724 2761 eodem
1770 2719 1843 2762 ea
1891 2697 2117 2763 ordine
2163 2704 2503 2774 enumerat,
2557 2715 2714 2780 quo-

489 2801 681 2868 'niam
724 2802 792 2868 id
833 2804 1225 2888 potissimum
1269 2800 1372 2864 hic
1415 2804 1643 2888 agitur,
1687 2811 1758 2866 ut
1802 2802 2128 2890 quomodo
2174 2799 2255 2865 ad
2299 2799 2709 2865 substantiam

514 2910 726 2973 omnia
769 2906 1128 2971 referantur
1173 2916 1487 2990 appareat.

649 3012 852 3076 10031»
878 3011 962 3075 16
1006 3009 1430 3093 πανταχοῦ
1472 3008 1551 3072 δὲ
1597 3045 1677 3059 -
1723 3009 1812 3072 22
1855 3007 2012 3073 τῶν
2056 3007 2311 3074 εἰδῶν.
2388 3005 2709 3092 Quoniam

511 3115 581 3180 id
618 3113 792 3201 quod
830 3118 1090 3179 maxime
1130 3125 1277 3192 est,
1320 3111 1488 3176 idem
1521 3115 1785 3177 maxime
1820 3121 1916 3176 est
1944 3111 2184 3191 scibile,
2231 3111 2311 3176 cf.
2356 3135 2401 3174 α
2446 3115 2502 3176 1.
2542 3113 2711 3176 993⁶

512 3222 631 3300 3⁰,
688 3222 743 3284 si
790 3241 911 3305 qua
957 3221 1218 3285 scientia
1262 3218 1443 3304 plura
1477 3204 1556 3281 'in
1600 3238 1671 3281 se
1728 3220 2044 3297 continet,
2069 3203 2073 3207 ’
2102 3238 2179 3283 ex
2234 3216 2460 3303 quibus
2515 3236 2708 3281 unum

512 3325 864 3411 principem
910 3324 1160 3389 obtinet
1203 3322 1411 3388 locum
1460 3331 1526 3386 et
1566 3321 1806 3407 reliqua
1852 3344 1888 3386 a
1934 3344 2003 3385 se
2046 3321 2240 3386 habet
2280 3342 2602 3408 suspensa,
2644 3324 2710 3384 in

514 3429 642 3492 hoc
699 3430 902 3514 primo
960 3427 1418 3516 cognoscendo
1472 3424 1811 3512 peculiaris
1868 3430 2003 3491 eius
2062 3428 2365 3491 scientiae
2407 3428 2504 3489 vis
2562 3429 2713 3504 (κυ-

516 3534 671 3618 ρίως
704 3534 875 3611 ⁶16)
923 3535 1217 3598 cernitur.
1299 3533 1390 3596 Ita
1435 3530 1861 3617 philosophia,
1906 3552 2095 3616 quum
2140 3529 2222 3593 ad
2269 3532 2480 3594 omnia
2524 3530 2710 3614 perti·

516 3645 667 3701 neat
711 3638 907 3714 entia,
952 3634 1034 3699 ad
1077 3634 1591 3723 cognoscendam
1637 3633 2062 3712 substantiam,
2114 3633 2195 3698 ad
2239 3656 2423 3719 quam
2468 3631 2713 3718 reliqua

515 3741 906 3819 referuntur,
961 3743 1352 3825 potissimum
1411 3748 1674 3823 spectat.
1764 3738 2048 3803 Pertinet
2100 3748 2306 3802 autem
2351 3739 2710 3802 universum

515 3865 718 3934 genus
763 3843 1208 3932 philosophiae
1254 3842 1335 3908 ad
1379 3845 1742 3907 universum
1787 3863 1989 3930 genus
2036 3845 2289 3921 entium,
2334 3844 2516 3906 sicuti
2560 3839 2711 3904 alibi

516 3951 700 4014 etiam
746 3947 911 4013 idem
958 3969 1161 4036 genus
1204 3947 1312 4012 vel
1356 3945 1655 4011 sensibile
1699 3945 1806 4010 vel
1843 3945 2064 4011 scibile
2106 3945 2310 4011 eidem
2348 3949 2569 4035 generi
2605 3943 2712 4008 vel

516 4074 740 4118 sensus
782 4052 889 4118 vel
934 4054 1234 4118 scientiae
1278 4051 1635 4127 subiicitur;
1679 4049 1968 4138 singulae
2013 4059 2220 4114 autem
2265 4053 2512 4136 species
2550 4052 2713 4113 entis

517 4151 644 4238 (τὰ
688 4158 769 4222 δὲ
814 4154 951 4236 εἴδη
987 4158 1134 4234 ῠ22,
1177 4155 1286 4221 ubi
1331 4156 1582 4242 quidem
1626 4153 1995 4241 particulam
2040 4151 2498 4219 adversativam
2538 4154 2606 4218 δέ
2642 4163 2714 4217 ut

516 4265 823 4347 aptiorem
883 4282 956 4326 ex
1004 4258 1364 4325 Alexandro
1420 4263 1634 4345 recepi
1690 4280 1810 4345 pro
1862 4256 2118 4346 vulgata
2160 4258 2468 4343 particula
2516 4278 2713 4343 copu-

516 4366 708 4433 lativa
741 4368 851 4449 τε)
892 4363 1160 4454 singulis
1200 4363 1537 4451 speciebus
1572 4365 1705 4428 sive
1742 4361 2048 4428 doctrinis
2081 4361 2526 4450 philosophiae
2563 4382 2713 4425 con·
