3043 4973
1163 260 1240 327 Z
1281 255 1347 328 4.
1435 255 1703 330 102912.
2388 256 2531 334 :³03

321 431 610 520 singulas
655 453 731 496 ac
774 431 1136 510 sensibiles,
1181 432 1263 499 ad
1308 433 1436 498 hoc
1479 456 1716 522 genera
1764 445 1828 499 et
1870 436 2101 520 primas
2145 456 2394 512 causae,
2438 456 2534 501 sa-

321 540 405 601 tis
453 546 518 601 et
561 547 782 601 notum
832 548 929 602 est
973 546 1039 603 et
1076 537 1470 623 explicatum,
1516 538 1597 602 cf.
1633 538 1869 603 Trend.
1905 538 1987 603 de
2018 560 2117 602 an.
2150 563 2212 624 p.
2235 540 2364 604 337
2395 561 2530 626 sqq.

320 636 552 704 Wai'tz
584 641 746 727 Org.
784 642 897 705 7111
921 642 1004 705 21
1040 651 1105 706 et
1136 644 1256 706 710·
1283 643 1339 719 1,
1384 664 1449 727 p.
1478 644 1629 706 299.
1689 641 1956 726 Heyder
1991 640 2135 705 krit.
2164 643 2378 707 Daret.
2408 644 2439 708 Ι
2472 645 2530 709 1.

321 768 386 829 p.
421 745 548 808 164
588 766 721 829 sqq.
793 744 1014 830 ltaque
1059 767 1248 829 quum
1294 767 1425 809 rem
1472 745 1908 810 absconditam
1950 756 2015 810 et
2052 768 2127 809 ex
2162 749 2378 811 intima
2419 768 2535 812 no·

322 850 519 912 tionis
565 859 789 912 natura
835 848 1243 933 repetendam
1283 852 1668 937 investigare
1705 853 1983 935 suscipit,
2029 871 2159 934 quo
2194 855 2395 939 magis
2432 856 2534 916 via

324 973 403 1017 ac
444 954 696 1016 ratione
738 951 1457 1038 procedatdisputatio,
1507 976 1583 1019 ex
1628 957 1704 1018 iis
1752 961 1926 1039 quae'
1957 951 2150 1018 nobis
2196 966 2343 1020 sunt
2388 976 2534 1040 pro-

324 1057 529 1141 piora,
573 1053 658 1118 ad
691 1075 782 1134 ea,
828 1078 989 1141 quae
1036 1067 1257 1123 natura
1301 1059 1517 1142 priora
1564 1068 1727 1135 sunt,
1772 1079 1843 1121 se
1874 1078 2355 1145 progressurum
2387 1080 2537 1145 pro-

325 1160 534 1222 mittit.
569 1195 649 1210 -
698 1161 884 1224 Hanc
926 1160 1062 1226 fere
1109 1183 1247 1226 esse
1292 1161 1476 1226 huius
1524 1161 1651 1227 loci
1695 1164 2069 1227 sententiam
2115 1160 2304 1226 facile
2347 1183 2538 1249 appa-

324 1272 455 1337 ret3
510 1261 626 1326 sed
671 1264 814 1348 ipsa
856 1264 1054 1329 verba
1099 1267 1153 1329 si
1199 1267 1337 1350 quis
1384 1262 1748 1352 diligentius
1794 1269 2152 1345 excusserit,
2190 1269 2539 1351 sententia-

323 1389 463 1430 rum
524 1367 812 1432 ordinem
873 1367 970 1432 bis
1026 1369 1190 1434 male
1247 1373 1665 1454 interruptum
1710 1374 1959 1435 sentiet.
2048 1370 2322 1434 Primum
2372 1373 2538 1435 enim

325 1470 503 1556 quod
539 1470 724 1536 dicit:
761 1466 894 1557 πρὸ
939 1474 1132 1561 ἔργον
1174 1464 1328 1558 γὰρ
1372 1465 1480 1552 uir
1492 1473 1916 1555 μεταβαίνειν
1954 1478 2043 1549 εὶς
2083 1466 2160 1538 τὸ
2203 1468 2538 1561 γνωριμώ-

323 1597 517 1660 τερον
561 1577 695 1640 κτλ.
740 1576 842 1652 b3,
887 1574 1115 1670 frustra
1160 1579 1227 1640 in
1271 1578 1366 1654 iis,
1412 1597 1574 1661 quae
1620 1585 1807 1641 antea
1853 1575 2021 1641 dicta
2065 1586 2228 1652 sunt,
2274 1597 2538 1661 quaeras

325 1681 505 1743 cuius
563 1678 819 1744 tandem
877 1682 971 1743 rei
1027 1679 1188 1744 haec
1232 1679 1428 1744 verba
1476 1702 1726 1746 causam
1772 1702 1848 1745 ac
1890 1683 2203 1745 rationem
2247 1679 2536 1748 afferant·

323 1783 506 1846 Dixit
551 1785 716 1847 enim
762 1785 1048 1868 proxime
1094 1804 1164 1848 se
1201 1781 1662 1869 disputaturum
1702 1783 1784 1850 de
1819 1785 1913 1866 τῷ
1945 1786 2009 1848 τί
2042 1773 2128 1864 ἦν
2163 1777 2348 1862 εἶναι,
2394 1788 2541 1870 quia

325 1885 398 1950 id
426 1885 507 1950 ad
540 1885 1056 1973 cognoscendam
1087 1885 1499 1954 substantiam
1531 1890 1856 1974 pertinere
1887 1909 2074 1975 supra
2105 1890 2279 1974 (cap.
2303 1889 2346 1951 3
2370 1889 2541 1967 init.)

326 1988 779 2077 significasset3
826 2000 892 2054 at
929 2007 1078 2054 num
1116 2000 1464 2076 propterea
1503 1990 1586 2056 ad
1626 1989 2182 2076 contemplandum
2227 1985 2305 2055 τὸ
2348 1992 2415 2056 τί
2457 1980 2543 2070 ἦν

328 2090 499 2159 εἶναι
545 2093 818 2171 accedit,
864 2098 1009 2180 quia
1055 2094 1346 2160 discendi
1392 2115 1465 2159 ea
1515 2105 1612 2159 est
1654 2098 1788 2171 via,
1832 2104 1904 2160 ut
1950 2091 2172 2172 ab'iis,
2218 2116 2382 2180 quae
2420 2115 2544 2159 no·
2636 2142 2659 2148 -

326 2198 430 2262 bis
478 2208 624 2263 sunt
666 2201 942 2277 notiora,
986 2196 1066 2263 ad
1110 2200 1369 2262 notiora
1415 2209 1642 2284 suapte
1673 2209 1898 2262 natura
1937 2202 2365 2263 transeamus?
2423 2198 2545 2263 Mi-

327 2303 502 2366 nime
542 2323 719 2381 ver0,
764 2301 882 2367 sed
914 2296 990 2367 τὸ
1020 2304 1086 2366 τί
1125 2291 1208 2380 ἦν
1242 2295 1424 2380 εἶναι,
1461 2323 1574 2367 sua
1613 2301 1869 2388 quidem
1903 2312 2127 2368 natura
2163 2305 2428 2389 primum
2468 2324 2544 2366 ac

329 2408 706 2493 proximum,
751 2406 940 2471 nobis
984 2408 1470 2471 remotissimum
1515 2414 1613 2468 est
1658 2405 2224 2470 et·absoonditum.
2285 2404 2544 2471 Deinde

211 2578 216 2579 ff
326 2512 489 2573 ⁶12:
545 2513 658 2575 καὶ
716 2514 977 2598 πρῶτον
1036 2508 1313 2592 εἴπωμεν
1357 2510 1498 2575 ἔνια
1543 2511 1691 2596 περὶ
1735 2507 1991 2576 αὐτοῦ
2035 2512 2335 2593 λογικῶς,
2393 2508 2547 2593 quid

327 2612 730 2701 significetur
773 2636 893 2700 per
932 2633 1292 2702 pronomen
1330 2608 1539 2676 αὐτοῦ
1572 2633 1643 2676 re
1676 2612 1933 2697 quidem
1972 2616 2108 2699 ipsa
2148 2612 2543 2677 manifestum

331 2728 449 2795 est,
494 2721 782 2783 nimirum
827 2712 905 2783 τὸ
949 2720 1014 2782 τί
1060 2707 1143 2797 ἦν
1189 2711 1371 2794 εἶναι,
1416 2714 1532 2778 sed
1567 2720 1970 2801 grammatice
2007 2719 2119 2802 qui
2145 2726 2360 2802 potest
2388 2715 2546 2795 fieri,

333 2825 457 2889 etsi
500 2821 837 2907 plurimum
882 2821 1179 2886 licentiae
1225 2823 1519 2905 scriptori
1573 2824 1999 2899 concesseris,
2058 2830 2129 2885 ut
2185 2841 2546 2906 pronomen

331 2923 544 2991 αὐτοῦ
588 2926 899 2991 referatur
944 2925 1026 2989 ad
1070 2925 1168 3004 id,
1225 2924 1403 3010 quod
1446 2935 1510 2989 et
1554 2923 1753 3011 longe
1799 2934 1947 2989 ante
1992 2937 2546 3002 commemoratum

331 3033 434 3108 sit,
482 3040 546 3093 et
591 3052 780 3114 quum
827 3028 950 3095 alia
996 3028 1179 3114 plura
1220 3033 1347 3094 sint
1381 3031 1775 3115 interposita,
1812 3031 2116 3107 ⁶3—12,
2162 3050 2295 3093 non
2340 3031 2549 3113 possit

331 3154 472 3199 non
502 3133 819 3199 oblivioni
851 3132 1063 3198 datum
1096 3137 1274 3198 esse?
1332 3134 1605 3218 Utrique
1635 3131 1984 3197 offensioni
2013 3131 2255 3196 mederi
2285 3130 2437 3195 mihi
2457 3134 2549 3194 vi-

333 3259 445 3301 sus
486 3259 619 3301 sum
653 3236 814 3303 obs·
844 3261 904 3322 p.
940 3239 1069 3301 129
1100 3235 1597 3323 transponendis
1627 3237 1864 3299 verbis:
1911 3238 2047 3300 ἐπεὶ
2079 3233 2137 3300 δ’
2166 3240 2236 3300 ἐν
2266 3231 2430 3321 ἀρχῇ
2466 3270 2546 3287 —-

263 3372 276 3383 ·
335 3342 718 3427 θεωρητέον
749 3342 898 3425 περὶ
930 3337 1140 3404 αὐτοῦ
1169 3343 1255 3404 ὒ3
1286 3350 1438 3426 post
1465 3341 1628 3404 ⁶12:
1664 3332 1773 3403 διὰ
1806 3334 2054 3405 τούτων
2083 3335 2315 3403 αὐτῶν.
2362 3337 2549 3423 Quae

336 3444 594 3529 quidem
639 3446 1025 3521 coniectura,
1072 3467 1260 3528 quum
1303 3465 1429 3508 nec
1473 3464 1509 3508 e
1556 3443 1735 3508 libris
1779 3462 1971 3508 manu
2015 3446 2264 3528 scriptis
2309 3464 2431 3507 nec
2476 3463 2553 3506 ex

337 3546 704 3613 Alexandro
753 3547 1025 3633 aliquam
1067 3551 1276 3634 possit
1318 3557 1613 3634 repetere
1659 3549 1942 3612 veritatis
1988 3550 2290 3633 speciem,
2340 3555 2552 3610 tamen

335 3652 460 3715 viri
491 3649 856 3731 doctissimi,
890 3651 1212 3719 Leonardi
1245 3651 1549 3738 Spengel,
1584 3672 1847 3719 assensu
1878 3651 2180 3730 (Miinch.
2214 3648 2360 3715 Gel.
2395 3652 2550 3714 Anz.

339 3755 533 3819 1843.
567 3755 680 3820 Nr.
705 3756 878 3835 243)
926 3777 1060 3819 non
1092 3755 1477 3821 mediocrem
1518 3766 1698 3822 nacta
1742 3765 1839 3820 est
1876 3754 2506 3820 commendationem.

479 3858 680 3923 10291»
712 3861 795 3923 12
839 3859 978 3925 καὶ
1029 3899 1111 3909 -
1157 3861 1244 3924 22
1291 3865 1385 3924 ἕν.
1462 3860 1740 3924 Primum
1785 3860 2057 3942 λογικῶς
2100 3880 2168 3923 se
2206 3858 2555 3945 disputatu-

335 3985 478 4027 rum
526 3962 680 4029 dicit
722 3962 804 4027 de
848 3965 940 4044 τῷ
979 3964 1043 4027 τί
1078 3950 1163 4042 ἦν
1199 3957 1382 4040 εἶναι,
1426 3965 1572 4048 quia
1613 3960 1860 4027 orditur
1897 3985 1930 4025 a
1968 3961 2339 4028 definiendo
2379 3957 2554 4045 λόγῳ

340 4068 462 4132 τοῦ
502 4089 618 4146 τηε
664 4067 786 4148 (cf.
834 4066 916 4131 de
960 4088 1103 4132 voc.
1148 4060 1408 4151 λογικός
1454 4065 1536 4131 ad
1581 4067 1648 4130 Γ
1676 4068 1736 4130 3.
1786 4068 1987 4132 100511
2013 4069 2155 4148 22),
2204 4076 2269 4130 et
2311 4068 2401 4131 ita
2446 4065 2556 4130 de·-

343 4193 511 4235 mum
565 4170 955 4259 distinguere
1000 4180 1209 4255 parat,
1266 4169 1371 4235 vel
1421 4191 1691 4256 „quarum
1748 4190 1956 4234 rerum
2004 4173 2087 4234 sit
2126 4162 2204 4235 τὸ
2249 4192 2362 4250 τηε
2406 4190 2555 4255 qua·

342 4297 481 4340 rum
526 4296 679 4353 non,
723 4275 830 4339 vel
875 4273 1202 4361 quomodo
1249 4274 1328 4338 ad
1368 4272 1527 4340 illud
1570 4273 2088 4362 cognoscendum
2126 4276 2553 4362 perveniatur.

345 4379 432 4444 Et
475 4378 838 4466 significare
883 4377 1146 4464 quiden?
1182 4371 1259 4442 τὸ
1301 4401 1415 4458 τηε
1461 4377 1616 4443 dicit
1660 4400 1794 4443 nou
1840 4379 2191 4444 accidentia
2237 4401 2359 4443 nec
2400 4377 2556 4443 affe-
