3043 4973
579 283 726 359 288
1412 285 1476 354 Ε
1523 280 1593 355 2.
1676 279 1866 355 1026
1885 280 1946 352 b.

582 460 817 551 φισταί
860 478 1068 550 φασιν
1083 480 1096 496 ·
1153 451 1468 544 μουσικὸν
1523 453 1653 543 γὰρ
1708 452 1871 525 ὄντα
1920 449 2376 543 γραμματικὸν
2420 452 2590 520 εἶναι
2633 446 2776 520 οὔτε

580 561 942 650 γενόμενον
971 555 1119 628 οὔτε
1154 559 1371 629 ἀΐδιον
1410 555 1593 628 ὄντα.
1659 561 1998 646 Quaerunt
2035 561 2372 647 sophistae,
2408 580 2559 623 num
2595 578 2780 643 quae-

581 689 831 754 cunque
888 676 1037 732 sunt
1091 674 1201 730 aut
1258 676 1513 731 aeterna
1571 668 1700 730 sint
1754 674 1864 731 aut
1918 663 2257 750 aliquando
2302 663 2469 727 facta
2515 663 2683 743 (1218
2727 664 2783 725 εὶ

580 773 719 837 πᾶν
764 765 801 836 ὃ
848 762 936 835 ἂν
975 759 1047 858 ᾖ,
1091 763 1182 854 μὴ
1228 765 1334 840 ἀεὶ
1378 769 1464 848 δέ,
1510 772 1847 854 γέγονεν),
1892 768 2300 855 quod-quum
2345 765 2532 830 facile
2575 766 2783 851 quivis

585 875 874 952 affirmet,
917 875 1042 959 ipsi
1075 894 1212 938 non
1250 894 1391 937 esse
1421 877 1633 939 omnia
1669 883 1777 938 aut
1810 883 2065 938 aeterna
2103 881 2211 936 aut
2241 871 2404 935 facta
2441 866 2783 953 aliquando

581 975 704 1061 (οὐ
760 979 897 1042 πᾶν
953 969 1031 1042 τὸ
1089 969 1168 1043 ὃν
1222 970 1373 1055 ἤτοι
1425 972 1780 1062 γενόμενόν
1823 982 1998 1043 ἐστιν
2043 969 2087 1055 ἢ
2131 973 2348 1040 ἀΐδιον
2393 976 2562 1057 Top.
2610 971 2653 1035 l.
2699 970 2785 1052 l.)

583 1084 703 1147 hac
746 1084 845 1147 usi
889 1084 1136 1148 ratione
1182 1079 1638 1145 demonstrant.
1719 1080 1867 1144 Fuit
1911 1081 2215 1166 quispiam
2262 1086 2447 1143 antea
2490 1079 2789 1154 musicuS,

580 1195 810 1274 postea
855 1185 1058 1252 factus
1105 1194 1203 1249 est
1246 1186 1718 1272 grammaticus3
1764 1186 1935 1269 atqui
1977 1205 2098 1247 nec
2135 1184 2408 1247 musicus
2448 1182 2654 1247 factus
2692 1189 2792 1245 est

584 1292 1043 1379 grammaticae,
1086 1291 1386 1375 quoniam
1415 1287 1483 1352 id
1523 1286 1774 1374 quidem
1814 1287 1895 1351 ad
1929 1286 2171 1352 nullum
2207 1287 2645 1374 generationis
2679 1305 2794 1372 ge-

582 1414 705 1460 nus
760 1402 976 1479 potest
1029 1392 1282 1472 referri,
1340 1413 1545 1477 neque
1603 1412 1855 1477 semper
1909 1390 2062 1466 fuit3
2122 1410 2279 1477 ergo
2337 1384 2415 1454 τὸ
2470 1381 2793 1474 μουσικὸν

584 1491 750 1564 ὄντα
804 1490 1263 1582 γραμματικὸν
1320 1492 1489 1562 εἶναι
1545 1498 1954 1581 consequitur
2000 1504 2070 1559 ut
2114 1495 2197 1557 sit
2241 1486 2390 1558 οὔτε
2433 1487 2796 1577 γενόμενον

564 1596 733 1668 ὀὔτε
791 1598 1024 1665 ἀΐδιον.
1087 1638 1167 1650 -
1232 1599 1460 1666 Paullo
1518 1599 1703 1664 aliter
1756 1598 1924 1686 ide-m
1982 1598 2299 1684 sophisma
2359 1596 2467 1661 Ar.
2531 1596 2799 1683 exponit

582 1706 656 1772 K
692 1706 754 1769 8.
803 1705 1006 1770 106⁴st
1030 1704 1333 1769 23-26.
1411 1704 1509 1769 Ibi
1556 1707 1720 1768 enim
1767 1724 1843 1767 ex
1888 1701 2108 1766 eadem
2153 1702 2599 1787 propositione
2645 1719 2798 1784 pro-

584 1809 770 1887 fecti,
825 1818 897 1873 ut
952 1810 1092 1894 quis
1151 1807 1395 1873 dicatur
1451 1817 1638 1872 antea
1692 1808 1967 1873 musicus
2023 1806 2254 1883 fuisse,
2308 1812 2536 1890 postea
2594 1813 2796 1868 artem

585 1914 1050 2001 grammaticam
1106 1910 1428 1992 didicisse,
1488 1911 1878 1976 concludunt
1931 1910 2287 1996 sophistae,
2343 1910 2643 1993 quoniam
2689 1909 2798 1970 si-

584 2015 740 2082 mul
784 2020 866 2080 sit
909 2020 1180 2082 musicus
1228 2026 1293 2080 et
1333 2019 1802 2104 grammaticuS,
1859 2035 1982 2078 nec
2029 2025 2242 2077 tamen
2285 2032 2537 2097 semper
2580 2010 2798 2090 fuerit,

586 2118 820 2185 simul
877 2120 1108 2184 factum
1167 2141 1308 2184 esse
1354 2131 1703 2205 utrumque.
1794 2117 1993 2203 Quod
2039 2127 2108 2181 ut
2152 2126 2250 2180 est
2291 2114 2630 2180 manifesto
2680 2113 2799 2178 fal-

513 2262 519 2268 ·
587 2245 751 2302 sum,
810 2222 893 2287 ad
937 2223 1339 2288 refutandum
1384 2223 1551 2288 idem
1597 2222 1895 2309 placitum
1952 2221 2304 2297 confertur,
2365 2218 2541 2304 quod
2600 2238 2795 2283 omne

589 2349 703 2393 ens
747 2326 853 2392 vel
898 2336 1223 2392 aeternum
1272 2349 1412 2392 esse
1457 2327 1562 2391 vel
1604 2336 1975 2414 generatum
2020 2324 2222 2412 vulgo
2267 2323 2503 2387 dicunt.

722 2433 927 2497 102611
964 2432 1051 2496 22
1096 2431 1351 2511 δῆλον
1396 2431 1474 2496 δὲ
1525 2467 1604 2480 -
1650 2432 1735 2496 24
1782 2432 2023 2497 ἔστιν.
2116 2426 2363 2494 Eodem
2415 2436 2795 2516 argumento

587 2539 783 2604 utitur
811 2536 893 2600 ad
922 2534 1316 2603 refutandam
1346 2556 1556 2601 rerum
1588 2537 2158 2601 mathematicarum
2191 2535 2614 2599 exsistentiam
2639 2532 2709 2598 B
2728 2533 2795 2598 5.

589 2643 801 2710 1002a
835 2641 925 2706 28
968 2661 1101 2726 sqq.

724 2745 1036 2812 10261124
1082 2741 1253 2809 ἀλλ’
1294 2736 1507 2827 ὅμως
1550 2744 1886 2811 λεκτέον
1932 2783 2014 2798 -
2065 2744 2340 2809 1027α2
2384 2737 2526 2808 τὸν
2570 2745 2796 2805 οἰκο-

590 2845 866 2933 δόμον.
897 2885 986 2897 —-
1020 2849 1150 2913 b28
1194 2846 1260 2926 ἐξ
1306 2842 1599 2931 ἀνάγκης
1641 2851 1774 2913 κτλ.
1823 2850 1902 2914 cf.
1949 2849 2030 2915 ad
2062 2852 2115 2915 A
2146 2850 2206 2914 5.
2239 2885 2320 2899 —
2370 2844 2654 2911 Eandem
2696 2864 2800 2907 ac-

592 2951 860 3016 cidentis
906 2949 1372 3028 definitionem,
1430 2958 1502 3014 ut
1558 2945 1634 3015 τὸ
1692 2948 2105 3037 συμβεβηκός
2149 2954 2232 3015 sit
2274 2944 2351 3015 τὸ
2396 2952 2517 3014 τοῦ
2558 2946 2646 3022 ὡς
2690 2947 2800 3012 ἐπὶ

588 3048 668 3121 τὸ
712 3048 882 3119 πολὺ
923 3048 1276 3139 διάλειμμα
1306 3052 1481 3118 Alex.
1528 3078 1590 3140 p.
1624 3056 1771 3135 416,
1814 3058 1918 3135 32,
1965 3059 2228 3142 exponit
2269 3054 2325 3120 A
2358 3055 2463 3132 30,
2510 3052 2590 3116 cf.
2625 3053 2796 3136 Top.

590 3159 651 3223 11
695 3162 759 3225 6.
807 3159 967 3224 112b
1005 3160 1074 3223 1:
1132 3159 1264 3222 τῶν
1306 3153 1712 3244 πραγμάτων
1755 3153 1841 3224 τὰ
1883 3161 2004 3244 μὲν
2051 3156 2120 3238 ἐξ
2165 3154 2456 3242 ἀνάγκης
2499 3156 2665 3233 ἐστι’,
2710 3147 2799 3218 τὰ
2867 3213 2876 3223 .

591 3260 652 3328 δ’
692 3260 778 3340 ὡς
823 3263 928 3328 ἐπὶ
971 3255 1047 3327 τὸ
1092 3256 1277 3340 πολύ,
1320 3255 1407 3325 τὰ
1451 3258 1511 3326 δ’
1551 3257 1811 3349 ὁπότερ’
1851 3264 2085 3348 ἔτυχεν.
2132 3299 2214 3313 -
2261 3263 2419 3326 Post
2460 3253 2629 3324 πολύ
2665 3260 2798 3323 ὺ30

589 3366 741 3431 addi
784 3366 968 3431 iubet
996 3364 1282 3452 Spengel
1325 3367 1670 3445 (Miinchn.
1718 3366 1800 3432 G.
1847 3369 1922 3433 A.
1971 3367 2163 3432 1843.
2209 3366 2291 3430 Ν.
2330 3366 2480 3429 243.
2526 3385 2588 3449 p.
2620 3362 2795 3443 915)

592 3463 679 3535 τὰ
724 3465 783 3534 δ’
824 3465 961 3534 οὐδ’
1000 3465 1086 3545 ὡς
1129 3470 1236 3533 ἐπὶ
1279 3462 1356 3532 τὸ
1401 3465 1587 3548 πολύ,
1633 3492 1816 3555 quam
1863 3475 2306 3548 coniecturam,
2356 3468 2509 3532 licet
2553 3465 2793 3531 collato

591 3571 742 3639 loco
799 3571 949 3636 libri
992 3571 1067 3635 K
1106 3572 1168 3636 8.
1218 3573 1420 3637 10641)
1460 3575 1548 3638 35
1609 3582 1671 3637 et
1728 3576 2034 3660 scriptura
2096 3572 2238 3638 edd.
2287 3571 2430 3637 Ald.
2490 3580 2556 3636 et
2610 3570 2793 3657 sylb.

593 3670 1021 3748 commendari
1077 3673 1397 3754 videatur,
1456 3676 1747 3762 equidem
1806 3698 1926 3741 nec
1982 3679 2400 3742 necessariam
2446 3696 2589 3740 esse
2631 3675 2795 3740 arbi·
2918 3734 2923 3737 Α

591 3786 728 3838 ⁴⁹01·
780 3798 906 3842 nec
956 3798 1115 3842 vero
1175 3788 1403 3863 aptam.
1505 3780 1734 3865 Neque
1794 3785 1957 3845 enim
2015 3782 2313 3868 proximis
2367 3779 2582 3843 verbis
2640 3778 2794 3844 dicit

594 3861 1001 3938 Aristoteles.
1052 3878 1299 3948 τοῦτό
1344 3887 1488 3947 ἐστι’
1525 3875 1603 3947 τὸ
1649 3880 2092 3969 συμβεβηκός,
2135 3881 2277 3948 sed:
2331 3877 2534 3963 αὕτη
2587 3876 2790 3969 ἀρχὴ

588 3969 702 4032 καὶ
759 3966 925 4054 αὕτη
983 3982 1163 4045 αἰτία
1207 3985 1348 4050 ἐστὶ
1391 3988 1511 4050 τοῦ
1555 3982 1722 4050 εἶναι
1765 3979 1841 4050 τὸ
1887 3980 2318 4070 συμβεβηκός.
2409 3986 2495 4050 At
2536 3986 2793 4051 manife-

595 4078 691 4116 a«.
740 4095 871 4139 non
916 4074 994 4144 τὸ
1039 4081 1177 4149 οὐδ’
1216 4082 1301 4162 ὡς
1334 4089 1441 4154 ἐπὶ
1478 4079 1556 4153 τὸ
1594 4082 1765 4154 πολὺ
1801 4085 2206 4173 γιγνόμενον,
2253 4087 2427 4174 quod
2461 4092 2666 4175 ipsum
2699 4099 2792 4154 ‘³⁸⁸

525 4245 531 4250 ,
595 4148 1038 4233 συμβεβηκοθ’
1089 4183 1208 4249 ‘Rei
1252 4201 1471 4265 potest
1515 4213 1704 4256 causa
1750 4212 1892 4257 esse
1936 4202 2011 4257 ut
2050 4194 2133 4256 sit
2178 4191 2415 4276 aliquid
2461 4193 2790 4278 συμβεβη-

655 4245 673 4269 l
1164 4260 1177 4274 ο

592 4273 735 4330 arog,
780 4275 997 4318 verum
1042 4267 1255 4342 potius
1299 4285 1376 4328 το
1419 4291 1504 4340 ω,
1553 4296 1656 4349 ιη),
1698 4289 1778 4360 τὰ
1823 4289 1992 4361 πολὺ
2032 4290 2448 4380 γιγνόμενον,
2493 4300 2789 4381 quoniam

591 4356 1129 4444 intercapedinem
1175 4367 1353 4449 quasi
1398 4367 1713 4453 quandam
1755 4385 2055 4463 relinqua
2092 4420 2258 4464 quae
2295 4399 2499 4486 possit
2538 4399 2789 4487 expleri,
