3043 4973
1111 245 1187 314 Z
1237 242 1346 316 10.
1432 240 1615 317 1035
1632 267 1699 317 a.
2357 244 2495 318 333

290 439 479 501 γεται
521 410 599 482 τὸ
642 420 841 504 μέρος
879 419 1026 484 ⁶23.
1116 418 1458 484 Distinctis
1500 423 1698 508 igitur
1742 423 1930 486 variis
1974 423 2259 486 notionis
2301 421 2499 506 μέρος

292 520 869 609 significationibus
927 524 1090 587 hanc
1146 527 1584 609 quaestionem
1639 523 1932 589 dirimere
1977 533 2187 609 parat,
2243 535 2305 589 et
2362 545 2498 588 eam

294 623 548 710 quidem
594 624 1155 713 significationem,
1215 650 1290 692 ex
1347 649 1468 714 qua
1521 630 1722 714 μέρος
1764 649 2118 693 mensuram
2163 632 2256 692 rei
2301 626 2499 691 deno-

292 736 401 806 tet,
441 730 585 807 1133,
622 729 701 792 cf.
737 731 792 795 A
820 731 926 795 25.
965 731 1167 795 102312
1206 734 1322 810 15,
1368 741 1679 816 tamquam
1720 730 1987 796 alienam
2027 731 2106 795 ab
2142 732 2261 794 hac
2296 752 2368 793 re
2402 752 2499 812 sc3

293 830 508 896 cludit.
583 831 781 916 Quod
827 837 881 897 si
928 833 1293 922 diligentius
1339 856 1475 900 eam
1518 834 2002 913 distinctionem,
2049 856 2232 920 quam
2265 832 2496 898 deinde

290 938 591 1014 instituit,
648 940 1064 1022 spectaveriS,
1122 959 1256 1003 non
1313 941 1512 1025 partis
1573 942 1903 1003 notionem
1950 938 2205 1015 dividit,
2261 936 2375 1001 sed
2422 959 2497 1000 ea

289 1042 509 1126 potins
541 1039 891 1128 distinguit,
928 1040 1007 1105 ad
1039 1064 1202 1127 qnae
1233 1046 1431 1129 partis
1460 1044 1792 1106 notionem
1824 1040 2209 1107 adhibemus.
2279 1040 2495 1125 Quum

292 1146 457 1207 enim
503 1143 895 1209 substantiae
941 1166 1174 1210 nomen
1219 1144 1448 1210 latiore
1493 1166 1687 1241 sensu
1733 1155 1798 1210 et
1835 1146 2074 1210 formae
2107 1154 2171 1210 et
2199 1147 2499 1211 materiae

293 1257 361 1311 et
392 1257 729 1313 concretae
768 1270 844 1312 ex
878 1259 1144 1335 utraque
1179 1254 1271 1314 rei
1306 1233 1634 1328 tribuatur,
1679 1248 2160 1337 distinguendas
2198 1269 2339 1314 esse
2368 1248 2493 1312 for-

288 1372 431 1416 mae
474 1362 685 1437 partes
732 1373 769 1414 a
814 1352 1102 1437 partibus
1149 1357 1461 1420 materiae.
1556 1356 1650 1417 Ac
1704 1358 2004 1419 materiae
2061 1352 2313 1440 quidem
2358 1375 2497 1438 par-

290 1464 390 1520 tes
433 1458 501 1519 in
548 1455 926 1521 definitione
969 1478 1181 1522 merae
1228 1467 1292 1521 et
1335 1456 1690 1523 abstractae
1739 1458 1996 1537 formae,
2037 1456 2236 1522 veluti
2279 1450 2495 1521 κοιλό-

289 1582 515 1638 τητος,
572 1578 708 1625 non
751 1564 988 1641 inesse,
1045 1564 1255 1626 inesse
1300 1582 1455 1625 vero
1500 1565 1569 1626 in
1614 1561 1992 1627 definitione
2035 1564 2129 1625 rei
2175 1581 2249 1626 ex
2293 1559 2497 1623 forma

291 1672 359 1728 et
391 1666 648 1727 materia
686 1677 1038 1743 concretae,
1080 1664 1281 1730 veluti
1318 1663 1440 1730 τοῦ
1476 1667 1597 1747 μὲν
1636 1661 1918 1732 συνόλου
1960 1659 2351 1751 ἀνδριάντος
2382 1666 2497 1747 μέ-

289 1790 408 1849 ρος
452 1765 489 1832 ὁ
528 1763 792 1851 χαλκός,
835 1770 955 1834 τοῦ
999 1766 1057 1834 δ’
1096 1767 1185 1845 ὡς
1229 1766 1400 1845 εἶδος
1442 1770 1794 1853 λεγομένου
1837 1763 2229 1856 ἀνδριάντος
2269 1760 2351 1832 οὔ
2383 1766 2495 1830 αδ.

288 1873 408 1936 His
462 1870 638 1936 addit
695 1872 955 1937 λεκτέον
1009 1866 1138 1960 γάρ
1195 1867 1274 1937 τὸ
1329 1869 1502 1948 εἶδος
1557 1875 1669 1937 καὶ
1724 1865 1765 1964 ᾖ
1815 1876 1941 1958 ἔχει
1986 1867 2156 1949 ἐἶδος
2201 1877 2495 1947 ἕκαστον,

289 1976 350 2039 h.
385 1997 438 2039 e.
487 1996 561 2039 ex
606 1974 806 2040 forma
852 1998 955 2042 res
988 1975 1312 2063 quaelibet
1341 1987 1754 2063 nuncupatur,
1802 1987 1867 2042 et
1895 1977 2094 2043 forma
2129 1973 2496 2041 definienda

290 2089 403 2157 est,
454 2082 509 2144 si
554 2076 822 2144 definire
866 2079 1254 2147 voluerimus
1300 2080 1452 2167 quid
1495 2085 1580 2145 sit
1625 2079 1835 2166 aliqua
1879 2099 1983 2145 res
2029 2081 2148 2163 (cf.
2198 2080 2390 2166 Phys.
2435 2078 2496 2142 11

289 2186 352 2250 1.
394 2184 551 2248 193⁶
579 2186 646 2247 l:
695 2220 776 2234 —
822 2177 898 2248 τὸ
944 2179 1113 2262 εἶδος
1155 2181 1233 2250 τὸ
1279 2180 1450 2251 κατὰ
1487 2178 1606 2251 τὸν
1642 2181 1862 2268 λόγον,
1907 2178 1945 2250 ὃ
1986 2179 2353 2269 ὁριζόμενοι
2390 2183 2495 2245 λέ·

286 2308 492 2371 γομεν
536 2288 599 2353 τί
641 2292 779 2352 ἐστι
823 2282 990 2373 σὰρξ
1033 2283 1076 2369 ἢ
1121 2286 1379 2356 ὀστοῦν.
1394 2294 1440 2369 ),
1482 2283 1560 2355 τὸ
1607 2286 1667 2353 δ’
1704 2282 1928 2355 ὑλικὸν
1973 2285 2283 2354 οὐδέποτε
2318 2281 2482 2350 καθ’

289 2385 454 2457 αὑτὸ
501 2393 785 2457 λεκτέονε
830 2395 1090 2457 materia
1136 2414 1298 2480 quae
1335 2416 1453 2480 per
1486 2414 1558 2456 se
1595 2413 1717 2457 nec
1755 2395 2025 2478 cogitari
2062 2414 2183 2456 nec
2222 2389 2348 2454 dici
2389 2388 2495 2454 de·

286 2498 542 2563 finirive
587 2504 830 2583 potest,
887 2497 968 2562 cf.
1015 2498 1225 2562 103&
1265 2498 1338 2576 8,
1393 2517 1531 2561 non
1585 2494 1985 2563 admiscenda
2032 2505 2130 2560 est
2173 2497 2231 2558 ei
2272 2493 2495 2561 defini-

287 2605 483 2680 tioni,
540 2621 703 2687 quae
761 2602 958 2685 ipsam
1016 2602 1109 2663 rei
1170 2602 1504 2665 essentiam
1564 2602 1885 2684 exprimat.
1976 2600 2070 2662 Ex
2114 2599 2233 2662 hac
2278 2595 2495 2660 distin-

288 2708 505 2771 ctione
551 2703 899 2790 explicatur
942 2725 1104 2790 qnae
1150 2701 1359 2767 obiter
1401 2726 1533 2767 rem
1580 2705 1939 2788 inspicienti
1984 2704 2197 2766 inesse
2240 2698 2496 2763 videba-

286 2823 395 2876 tur
451 2814 515 2875 in
575 2807 945 2875 definiendo
1007 2807 1365 2884 diversitas;
1439 2808 1749 2873 elementa
1810 2809 2148 2884 orationi8‚
2205 2810 2494 2888 στοιχεῖα

287 2918 409 2981 τοῦ
452 2909 654 2997 λόγου
694 2917 858 2991 all,
916 2912 1110 2979 modo
1168 2934 1303 2979 non
1361 2911 1705 2977 materialia
1755 2913 2026 2997 cogites,
2085 2909 2285 2974 veluti
2330 2929 2494 2994 quae

284 3021 352 3084 in
399 3040 549 3084 aere
592 3016 699 3083 vel
745 3039 886 3083 cera
932 3027 1106 3096 sunt,
1162 3017 1243 3084 ad
1302 3015 1740 3082 definitionem
1799 3013 2089 3100 syllabae
2114 3012 2496 3079 ⁸adsciscun-

284 3133 392 3188 tur
435 3131 661 3207 utpote
704 3121 949 3186 formae
994 3133 1234 3208 partes3
1281 3142 1413 3187 non
1451 3124 1603 3184 item
1642 3132 1967 3209 segmenta
2000 3116 2216 3183 circuli
2244 3115 2324 3180 ad
2360 3118 2493 3179 eius

287 3225 671 3291 adhibentur
715 3225 1174 3302 definitionem,
1219 3227 1518 3310 quoniam
1567 3222 1647 3289 ad
1685 3227 2005 3289 materiam
2042 3223 2379 3308 pertinent,
2423 3216 2495 3281 li·

287 3339 391 3395 cet
446 3332 784 3415 propiores
843 3333 971 3395 sint
1028 3329 1270 3394 formae
1329 3350 1405 3392 ac
1457 3330 1710 3393 notioni
1756 3326 1973 3393 circuli
2019 3346 2202 3412 quam
2250 3341 2385 3399 aeS,
2438 3324 2495 3386 si

285 3454 555 3498 aeneum
609 3435 1025 3519 proposueris
1080 3432 1400 3498 circulum.
1494 3434 1580 3497 Et
1623 3434 1808 3496 sicuti
1853 3454 1928 3495 ex
1974 3428 2256 3516 partibus
2300 3437 2496 3491 mate-

283 3535 552 3602 rialibus
595 3547 848 3603 constat
897 3558 1000 3601 res
1046 3545 1372 3615 concreta,
1418 3558 1554 3603 non
1598 3537 1915 3602 abstracta
1955 3535 2192 3611 forma,
2236 3537 2322 3597 ita
2368 3531 2493 3597 sol-

179 3694 184 3699 .
282 3644 455 3706 vitm·
497 3642 566 3704 in
593 3662 726 3713 aeas
761 3663 864 3706 res
912 3651 1239 3720 concreta,
1285 3661 1421 3705 non
1464 3640 1687 3720 forma,
1731 3642 1845 3706 καὶ
1887 3643 2007 3705 τοῦ
2050 3640 2170 3725 μὲν
2215 3632 2494 3703 συνόλου

281 3749 479 3830 μέρη,
536 3745 657 3809 τοῦ
713 3742 922 3821 εἴδους
978 3745 1048 3810 δὲ
1103 3747 1216 3810 καὶ
1273 3735 1354 3810 οὗ
1410 3741 1446 3809 ὁ
1493 3740 1690 3829 λόγος
1735 3749 2006 3830 (nempe
2053 3740 2090 3809 ὁ
2136 3737 2332 3825 λόγος
2374 3740 2494 3805 τοῦ

282 3847 496 3925 εἴδους
539 3849 738 3926 ἐστίν,
788 3849 865 3912 cf.
915 3850 1120 3915 103511
1158 3849 1286 3928 34)
1331 3845 1573 3913 οὐκέτι·
1632 3845 1856 3939 διόπερ
1905 3844 2044 3913 οὐδ’
2085 3850 2155 3910 ὲν
2197 3854 2336 3920 τοῖς
2380 3839 2494 3907 λό-

280 3976 442 4038 γοις,
478 3953 633 4016 «122.
700 3952 880 4017 Haec
911 3963 1186 4017 extrema
1216 3951 1436 4016 verba:
1480 3957 1551 4016 ὲν
1584 3960 1726 4027 τοῖς
1764 3947 1987 4035 λόγοις
2020 3948 2192 4036 apud
2222 3951 2493 4013 animum

279 4054 654 4122 revocanda
697 4064 870 4135 sunt,
916 4065 988 4121 nt
1029 4058 1318 4142 proxima
1363 4059 1729 4122 enunciatio
1774 4059 1982 4141 possit
2025 4051 2320 4139 intelligi:
2365 4053 2494 4115 τῶν

278 4163 403 4246 μὲν
449 4149 569 4226 οὖν
613 4162 766 4240 (int.
808 4165 878 4226 ἐν
911 4168 1054 4236 τοῖς
1097 4155 1359 4242 λόγοις)
1405 4162 1661 4223 ἐνέσται
1710 4157 1746 4224 ὁ
1794 4160 1928 4225 τῶν
1973 4152 2285 4223 τοιούτων
2324 4159 2401 4236 (i.
2436 4175 2492 4217 e.

157 4323 162 4331 .
277 4262 558 4343 ὑλικῶν)
601 4267 818 4352 μερῶν
861 4259 1074 4346 λόγος,
1120 4285 1195 4327 ac
1238 4260 1448 4326 verbis
1493 4264 1624 4327 τῶν
1666 4265 1786 4346 μέν
1821 4261 2166 4350 significari
2204 4281 2306 4323 res
2345 4278 2495 4322 con-

281 4379 487 4435 cretas
532 4389 608 4433 ex
656 4368 860 4435 altero
900 4379 1162 4454 apparet
1200 4365 1502 4444 membro,
1548 4365 1662 4433 ubi
1697 4365 1775 4430 ad
1811 4367 1940 4431 τῶν
1976 4363 2034 4429 δ’
2069 4368 2218 4443 (int.
2254 4367 2323 4428 ἐν
2355 4368 2496 4436 τοῖς
