3043 4973
483 205 583 280 52
1340 206 1418 315 4
1462 196 1536 279 2.
1612 201 1758 279 982
1776 202 1841 279 t.

484 386 762 463 tionem,
819 382 1059 451 εἰδέναι
1092 378 1352 447 ‘sciendi
1396 379 1592 447 finem
1640 390 1705 445 et
1749 387 2044 465 eventum
2087 376 2435 466 significet,
2493 398 2579 441 ne
2626 398 2704 443 ex
2738 425 2754 438 .

491 491 632 574 ipso
673 485 925 572 quidem
955 485 1083 550 hoc
1110 484 1261 550 loco
1292 494 1508 570 potest
1536 484 1955 570 comprobari,
1996 481 2304 568 siquidem
2336 503 2470 547 non
2499 480 2701 547 verbo

487 591 754 667 εἰδέναι,
796 587 932 653 -sed
977 592 1456 676 praepositione
1503 584 1616 654 διά
1656 587 2080 676 significatum
2128 596 2252 663 est,
2307 607 2434 671 quo
2480 583 2706 649 tendat

487 692 923 781 cognoscendi
966 692 1262 761 studium.
1353 692 1609 778 Quodsi
1665 691 1820 778 quid
1881 700 1977 754 est
2038 688 2443 755 statuendum
2489 686 2704 752 discri-

488 800 703 875 miniS,
764 795 1159 882 probabilius
1219 795 1451 861 dixeris
1509 818 1628 881 per
1676 793 1939 859 verbum
1985 795 2227 859 εἰδέναι
2269 795 2704 880 cognitionem

493 902 742 986 opponi
791 903 1058 979 actioni,
1118 899 1195 963 cf.
1243 898 1331 965 ad·
1371 899 1412 963 l.
1460 898 1528 978 l.‚
1585 920 1705 984 per
1747 897 2013 963 verbum
2058 898 2470 963 ἐπίστασθαι
2512 894 2707 961 stabi·-

485 1004 611 1068 lem
652 1013 716 1068 et
749 1003 991 1067 firmam
1028 1005 1354 1077 scientiam
1397 1003 1701 1089 distingui
1741 1002 1821 1067 ab
1852 1004 2028 1067 inani
2062 1002 2418 1087 opinione.)
2484 1000 2568 1064 Et
2598 998 2709 1063 ad-

488 1110 888 1181 mirationem
934 1106 1186 1193 quidem
1234 1091 1955 1192 quod‘philosophandi
2000 1108 2221 1170 statuit
2259 1126 2506 1168 causam
2547 1124 2707 1181 esse,

490 1232 630 1277 cum
665 1210 938 1277 Platone
981 1214 1317 1288 consentit,
1363 1211 1626 1275 Theaet.
1676 1209 1982 1295 p.·155d:
2026 1204 2211 1293 μάλα
2254 1203 2383 1294 γὰρ
2429 1200 2709 1294 φιλοσό-

489 1338 624 1404 φου
654 1317 850 1383 τοῦτο
881 1307 959 1378 τὸ
989 1310 1224 1390 πάθος
1254 1308 1331 1378 τὸ
1361 1308 1752 1398 θαυμάζειν,
1798 1309 1879 1379 οὐ
1921 1307 2047 1399 γὰρ
2094 1305 2263 1398 ἀρχὴ
2312 1305 2479 1388 ἄλλη
2512 1310 2707 1399 φιλο-

491 1419 737 1506 σοφίας
780 1410 825 1496 ἢ
870 1412 1057 1497 αὕτη.
1128 1420 1343 1504 Atque
1384 1439 1459 1483 ea
1504 1417 1838 1481 admiratio
1887 1436 2109 1481 exorsa
2155 1437 2192 1479 a
2234 1414 2426 1480 rebus
2461 1413 2707 1478 levissi-

490 1523 606 1585 mis
669 1531 733 1585 et
791 1543 954 1606 quae
1011 1525 1273 1589 maxime
1319 1531 1467 1589 sunt
1509 1523 1577 1586 in
1620 1530 1921 1606 promptu
1968 1518 2050 1585 ad
2094 1521 2328 1583 maiora
2377 1516 2706 1604 paullatim

494 1633 559 1688 et
614 1626 913 1711 graviora
975 1625 1262 1691 escendit
1318 1623 1462 1692 οἷον
1511 1625 1661 1710 περί
1702 1646 1771 1688 τε
1814 1623 1947 1688 τῶν
1987 1624 2107 1700 τῆς
2151 1619 2427 1701 σελήνης
2468 1620 2709 1699 παθη·-

491 1722 723 1812 μάτων
778 1730 893 1794 καὶ
952 1730 1082 1799 τῶν
1137 1731 1289 1816 περὶ
1344 1723 1462 1794 τὸν
1516 1723 1709 1807 ἥλιον
1763 1728 1875 1793 καὶ
1926 1719 2193 1813 ἄστρα
2237 1727 2350 1790 καὶ
2391 1726 2543 1811 περὶ
2586 1724 2708 1802 τῆς

491 1833 614 1905 τοῦ
655 1825 906 1908 παντὸς
948 1835 1273 1914 γενέσεως.
1344 1829 1891 1917 Aequiescendum
1926 1832 2146 1915 putavi
2184 1833 2251 1894 in
2286 1830 2563 1895 lectione
2600 1843 2710 1892 co-‘·

493 1933 703 2001 dicum
747 1945 1004 2020 praeter
1047 1933 1135 1998 Ab
1177 1938 1454 2000 omnium
1500 1929 1743 2021 ἄστρα,
1798 1955 2009 2018 neque
2052 1955 2131 1998 ex
2173 1935 2301 1998 hoc
2341 1953 2475 1998 uno
2518 1931 2708 2010 libro,

493 2041 592 2102 cui
624 2040 880 2101 nimium
911 2037 1167 2103 videtur
1194 2038 1569 2104 Brandisius
1600 2039 1918 2115 tribuisse,
1965 2061 2103 2103 cum
2133 2037 2373 2103 Brand.
2406 2046 2470 2101 et
2496 2034 2707 2101 Bekk.
2808 2029 2818 2039 ’

491 2141 926 2228 recipiendum
971 2143 1120 2226 περὶ
1165 2135 1445 2230 ἄσΐρων.
1537 2144 1763 2228 Aptius
1811 2143 1977 2206 enim
2022 2145 2320 2230 graviora
2364 2139 2497 2218 illa,
2543 2130 2708 2224 q'uae

492 2245 973 2319 admirationem
1034 2245 1380 2332 eademque
1431 2248 1982 2331 investigationem
2026 2254 2352 2324 moveant,
2411 2243 2566 2309 duas
2613 2242 2712 2308 di-

492 2347 888 2421 stribuentur
931 2352 997 2413 in
1043 2360 1256 2436 partes
1298 2347 1627 2437 particulis
1672 2372 1742 2414 τε
1776 2387 1863 2399 -——
1898 2351 2012 2414 καὶ
2056 2361 2121 2415 et
2165 2353 2388 2414 iterata
2434 2369 2709 2436 praepo-

493 2455 729 2520 sitione
773 2454 923 2539 περὶ
958 2475 1098 2519 cum
1129 2455 1790 2544 genitivoconiuncta
1819 2453 2231 2542 significatas,
2275 2475 2535 2540 quarum
2564 2475 2712 2538 par-⁴

493 2560 646 2622 tium
679 2556 878 2632 altera
912 2567 1213 2629 cernatur,
1244 2561 1309 2624 in
1347 2558 1813 2637 a·ffectionibu8‚
1857 2561 1923 2622 in
1959 2572 2139 2624 motu
2177 2581 2252 2622 ac
2290 2580 2475 2623 cursu
2511 2556 2707 2622 lunae

491 2660 650 2735 solis
697 2672 1055 2734 ceterorum
1100 2662 1404 2741 siderum,
1461 2663 1664 2730 altera
1715 2665 1780 2725 in
1826 2664 2124 2727 universa
2169 2684 2377 2727 rerum
2425 2664 2704 2727 omnium

494 2769 944 2853 generatione3
984 2769 1195 2850 ‘minus
1241 2777 1388 2852 apte
1434 2788 1509 2830 ex
1554 2769 1868 2851 scriptura
1911 2765 2055 2832 cod.
2102 2766 2192 2831 Ab
2229 2766 2494 2831 divellas
2540 2764 2708 2831 side-

493 2888 631 2931 rum
676 2869 1052 2936 affectiones
1101 2868 1178 2932 ab
1225 2870 1675 2936 affectionibus
1720 2870 1910 2936 lunae
1958 2880 2024 2935 et
2067 2869 2241 2950 soliS,
2286 2880 2356 2935 ut
2391 2881 2517 2935 tres
2548 2873 2710 2946 exsi-

494 2980 664 3034 stant
707 2970 1055 3059 indagandi
1099 2995 1343 3052 causae,
1387 2995 1512 3040 una
1560 2977 1627 3040 in
1673 2971 1822 3040 luna
1868 2996 1943 3038 ac
1986 2974 2144 3052 sole,
2189 2974 2385 3039 altera
2429 2977 2497 3038 in
2540 2973 2710 3039 side-

493 3073 686 3151 ribus,
731 3077 916 3139 tertia
962 3078 1029 3139 in
1076 3079 1250 3140 omni
1292 3099 1502 3143 rerum
1548 3081 1985 3163 generatione.
2063 3078 2456 3164 Quamquam
2503 3078 2716 3148 confi..

494 3186 638 3252 teor
681 3181 873 3243 etiam
916 3180 982 3243 in
1026 3179 1301 3268 vulgata,
1326 3201 1533 3267 quam
1563 3183 1828 3259 restitui,
1870 3181 2170 3260 lectione,
2216 3204 2409 3270 aegre
2452 3204 2557 3247 me
2603 3205 2706 3247 ca-

492 3303 637 3346 rere
682 3282 953 3347 articulo
1001 3294 1147 3349 ante
1191 3278 1438 3371 ἄστρα,
1485 3285 1622 3360 nisi,
1670 3284 1844 3369 quod
1887 3285 2206 3351 interdum
2249 3285 2502 3351 videtur
2542 3285 2706 3365 fieri,

495 3388 729 3471 prioris
783 3388 1083 3452 vocabuli
1140 3388 1498 3465 articulum,
1553 3379 1673 3451 τὸν
1718 3384 1935 3467 ἥλιον,
1993 3392 2179 3453 etiam
2227 3387 2308 3452 ad
2352 3391 2703 3475 proximum

496 3509 732 3552 nomen
777 3490 998 3576 referri
1044 3502 1352 3576 putemus.
1445 3488 1787 3554 Alexandri
1843 3494 1909 3556 in
1961 3492 2383 3580 explicatione
2425 3493 2705 3558 siderum

495 3594 884 3658 mentionem
922 3594 1154 3660 frustra
1194 3615 1479 3680 quaeras.
1513 3629 1591 3642 —
1635 3592 1934 3659 Eiusdem
1970 3596 2116 3661 libri
2144 3597 2234 3662 Ab
2270 3597 2481 3677 fidem,
2517 3620 2718 3684 quam.

496 3697 622 3761 hoc
665 3696 815 3761 loco
852 3697 1272 3785 spernendam
1305 3699 1541 3783 putavi,
1586 3701 1887 3782 proximis
1917 3703 1984 3766 in
2015 3701 2229 3767 verbis
2259 3713 2516 3767 secutus
2548 3724 2705 3780 sum,

497 3799 683 3886 quod·
714 3804 950 3867 reiecta
998 3805 1273 3870 omnium
1321 3814 1387 3867 et
1432 3800 1784 3866 editionum
1832 3812 1923 3882 et,
1968 3815 2039 3869 ut
2082 3804 2361 3884 videtur,
2410 3804 2703 3870 codicum

496 3902 776 3970 lectione
834 3900 936 3970 διὸ
988 3907 1100 3970 καὶ
1147 3902 1533 3993 φιλόμυθος
1577 3901 1613 3969 ὁ
1662 3901 2037 3995 φιλόσοφός
2078 3903 2215 3984 πώς
2257 3912 2434 3974 ἐστιν
2477 3912 2702 3995 scripsi

497 4030 637 4074 cum
668 4008 1032 4075 Alexandro
1062 4033 1134 4094 p.
1167 4010 1269 4087 14,
1315 4011 1401 4073 26
1447 4011 1838 4095 transposito
1887 4010 2154 4077 articulo
2202 4004 2306 4077 διὸ
2349 4014 2461 4076 καὶ
2506 4010 2542 4077 ὁ
2587 4036 2703 4103 φι-

495 4108 800 4197 λόμυθος
844 4107 1218 4201 φιλόσοφός
1258 4108 1394 4188 πώς
1437 4117 1632 4178 ἐστιν.
1721 4112 1932 4182 Habet
1986 4136 2141 4179 sane
2198 4115 2454 4203 vulgata
2500 4116 2700 4182 lectio

496 4215 768 4302 aliquam
798 4216 1415 4284 commendationem
1450 4235 1525 4279 ex
1557 4216 1854 4303 Asclepio
1885 4242 1947 4303 p,
1982 4221 2128 4298 529,
2161 4221 2449 4300 12-23,
2490 4242 2705 4305 quam-

495 4324 591 4390 vis
637 4321 739 4386 hic
782 4322 853 4386 in
898 4341 971 4384 ea
1019 4318 1389 4410 explicanda
1444 4319 1680 4388 frustra
1734 4320 2035 4390 laborans
2090 4333 2397 4410 nugetur,
2450 4334 2516 4389 et
2561 4325 2704 4392 obi-
