3043 4973
532 235 680 311 230
1361 235 1431 306 Δ
1476 232 1552 305 4.
1633 221 1903 306 1015α.

533 433 594 477 v.
638 406 853 496 ὥσπερ
897 410 1023 476 ⁶38
1066 420 1320 496 praeter
1360 407 1550 474 codd.
1586 407 1743 474 EA&
1789 410 1976 473 etiam
2021 406 2202 473 Alex·
2235 431 2297 493 Ρ.
2326 407 2480 485 318,
2512 407 2743 471 9--12

534 515 835 592 habuisse
874 513 1131 578 videtur
1171 507 1214 593 ἢ
1260 510 1703 600 ὥσπερ,,ᾳιιεε
1748 510 1940 578 lectio
1985 533 2122 578 non
2151 514 2358 576 minus
2392 520 2543 596 apta
2576 520 2747 574 esset

533 641 716 707 quam
746 617 1020 705 vulgata,
1056 615 1401 683 dnmmodo
1427 617 1700 684 divinari
1723 619 1949 702 possit,
1977 618 2088 701 qui
2114 614 2408 680 dicantur
2434 614 2543 678 alii
2565 635 2746 701 prae-

532 734 631 789 ter
650 720 1109 809 Empedoclem
1136 716 1456 788 σύνθεσιν
1483 720 1942 786 elementorum
1967 723 2278 788 statuisse.
2327 720 2511 805 Ipsos
2539 727 2745 788 antem

533 825 1007 913 Empedocleos
1047 847 1286 904 νει-ωε,
1335 823 1713 891 105-108
1741 824 1853 902 St„
1897 845 2063 910 quos
2110 823 2370 888 eosdem
2414 831 2747 908 praeterea

535 930 756 998 laudat
800 929 882 994 de
920 951 1072 1018 gen.
1113 929 1144 993 1
1185 932 1245 995 1.
1278 930 1445 995 314⁶
1470 931 1531 993 7.
1578 929 1639 993 11
1663 929 1729 992 6.
1759 929 1922 993 3331>
1952 929 2052 993 14.
2099 926 2181 992 de
2210 929 2374 994 Xen.
2408 929 2472 991 2.
2501 927 2663 991 975⁶
2689 928 2748 1003 7,

534 1057 651 1121 per
704 1034 929 1098 falsam
954 1036 1569 1119 interpretationem
1614 1033 1739 1097 huc
1780 1030 2022 1096 referre
2066 1031 2338 1097 videtur.
2429 1028 2772 1116 Empedo-'

535 1139 695 1203 clem
726 1141 911 1203 ,enim
954 1139 1081 1202 hoc
1126 1137 1365 1203 dicere:
1413 1139 1926 1226 generationem,
1969 1135 2040 1201 id
2083 1147 2181 1201 est
2228 1145 2436 1200 autem
2479 1155 2746 1224 genera·

537 1246 777 1307 tionem
826 1265 900 1307 ex
943 1263 1115 1307 non·
1129 1251 1292 1320 ente,
1338 1245 1603 1308 omnino
1648 1262 1782 1307 non
1830 1261 1987 1319 esse,
2030 1239 2146 1305 sed
2190 1261 2352 1326 quae
2396 1239 2597 1327 vulgo
2642 1260 2748 1323 ap-

536 1346 816 1434 pelletur
857 1349 1221 1434 generatio‚
1267 1367 1403 1414 eam
1450 1344 1606 1410 nihil
1652 1367 1793 1412 esse
1837 1343 2013 1410 aliud
2057 1365 2242 1448 qnam
2290 1342 2747 1408 elementorum

536 1451 734 1516 modo
777 1454 1138 1517 mistionem
1187 1449 1384 1515 modo
1430 1451 1871 1528 secretionem,
1919 1458 1983 1513 et
2026 1470 2100 1513 ex
2139 1451 2434 1513 universa
2467 1450 2601 1512 eius
2635 1444 2750 1510 do

538 1559 749 1621 atinae
778 1554 1002 1619 indole
1037 1564 1534 1620 consentaneum
1571 1564 1672 1620 est
1709 1564 1776 1620 et
1820 1551 2272 1640 comprobatur
2317 1574 2391 1616 ex
2435 1554 2513 1618 iis
2553 1552 2750 1615 versi·

538 1661 675 1738 bus,
720 1662 831 1746 qui
872 1661 1181 1724 continuo
1222 1658 1377 1724 illos
1423 1658 1725 1724 videntur
1768 1660 1972 1723 secuti
2016 1678 2206 1722 essm·

861 1780 1065 1849 νήπιοι·
1103 1775 1167 1833 οὗ
1201 1777 1304 1852 γάρ
1342 1800 1468 1851 σφιν
1505 1778 1872 1851 δολιχόφρονές
1906 1784 2011 1834 εἶσι
2043 1785 2300 1851 μέριμναι,

861 1869 914 1920 οἳ
951 1867 1015 1938 δὴ
1048 1871 1406 1936 γίγνεσθαι
1441 1867 1666 1939 πάρος
1684 1862 1795 1919 οὐκ
1831 1865 1939 1920 ἑὸν
1971 1866 2269 1929 ἐλπίζουσιν
2304 1867 2414 1919 κτλ..

538 1970 642 2036 Cf.
689 1970 1144 2035 Panzerbieter
1186 1971 1300 2035 Kr.
1345 1993 1407 2035 u.
1453 1970 1631 2037 Erkl.
1678 1969 1741 2035 d.
1789 1970 1971 2056 Emp.
2016 1992 2078 2055 p.
2112 1970 2260 2049 14).
2350 1964 2512 2031 Inde
2555 1960 2751 2057 φύσει

537 2068 706 2139 εἶναι
749 2072 1049 2140 dicuntur
1088 2068 1174 2139 τὰ
1220 2070 1696 2163 συναμφότερα
1741 2070 1810 2151 ἐξ
1852 2069 2016 2153 ὕλης
2056 2094 2126 2140 τε
2169 2073 2283 2138 καὶ
2325 2041 2566 2148 εἴδους,
2622 2065 2748 2159 ‹7215-

538 2199 640 2254 σες
681 2199 837 2244 vero
885 2178 1148 2243 alterum
1195 2188 1425 2256 utrum,
1464 2188 1532 2246 et
1566 2180 1844 2255 materia,
1867 2179 2023 2242 sive
2053 2180 2255 2262 prima
2286 2177 2421 2240 sive
2451 2178 2749 2262 proxima,

538 2293 603 2347 et
646 2282 853 2348 forma
898 2284 1108 2348 1015a
1147 2285 1410 2347 6-11,
1503 2281 1828 2366 Quoniam
1861 2291 2094 2345 ‘autem
2150 2280 2413 2344 formam
2473 2301 2550 2344 ac
2601 2279 2750 2344 sub-

537 2390 835 2452 stantiam
873 2407 1084 2452 rerum
1128 2386 1506 2451 naturalium
1556 2382 1751 2476 φύσις
1802 2384 2152 2474 significat,
2207 2382 2360 2448 inde
2407 2383 2578 2449 idem
2607 2401 2751 2448 ·no-

537 2513 683 2559 men
729 2494 916 2556 etiam
960 2491 1044 2556 ad
1087 2491 1243 2555 alias
1288 2490 1670 2556 transfertur
1724 2492 2137 2567 substantias,
2193 2507 2359 2574 quae
2411 2511 2546 2554 non
2604 2499 2752 2554 sunt

538 2617 747 2660 rerum
793 2594 1170 2661 naturalium
1213 2596 1570 2660 all—13.
1618 2630 1701 2645 -—-
1760 2596 2080 2681 Denique.
2114 2595 2321 2657 varias
2367 2588 2634 2681 φύσεως
2670 2594 2751 2656 si-

479 2787 482 2789 Α
537 2697 986 2787 gnificationes
1031 2702 1123 2764 ita
1162 2697 1622 2785 complectitur,
1666 2710 1737 2763 ut
1767 2698 1848 2764 ad
1879 2720 2065 2764 unam
2101 2718 2364 2783 eamque
2394 2699 2748 2783 primariam

538 2799 608 2882 (ἡ
636 2797 862 2886 πρώτη
896 2799 1094 2891 φύσις
1123 2804 1277 2881 α13,
1319 2802 1400 2866 cf.
1432 2802 1513 2867 ad
1547 2807 1608 2868 5.
1651 2806 1850 2869 1015b
1879 2806 1990 2884 ll)
2022 2813 2089 2867 et
2120 2804 2444 2888 propriam
2476 2803 2749 2865 nominis

539 2904 1068 2992 significationem
1103 2906 1328 2971 referri
1358 2906 1637 2991 reliquas
1669 2905 1852 2985 dicat,
1896 2928 2060 2993 quae
2106 2904 2361 2991 quidem
2408 2915 2506 2969 est
2547 2901 2592 2984 ἡ
2639 2901 2750 2971 οὐ·

540 3010 656 3072 σία
699 3004 743 3088 ἡ
784 3011 922 3073 τῶν
977 3005 1258 3094 ἑχόντων
1315 3003 1528 3095 ἀρχὴν
1582 3006 1892 3090 κινήσεως
1939 3015 2019 3075 ,ὲν
2063 3008 2289 3084 αὐτοῖς
2331 2998 2370 3098 ᾗ
2416 3004 2588 3074 αὐτά
2629 3012 2660 3089 (
2670 3007 2746 3079 cf.

538 3113 733 3199 Phys.
774 3113 835 3177 11
883 3116 943 3179 1.
983 3115 1141 3178 1921»
1164 3114 1277 3178 20:
1326 3109 1413 3189 ὡς
1458 3107 1660 3193 οὔσης
1701 3116 1821 3194 τῆς
1864 3109 2121 3202 φύσεως
2166 3110 2375 3198 ἀρχῆς
2416 3106 2596 3187 τινὸς
2638 3112 2749 3175 καὶ

536 3219 756 3297 aiz-ime
797 3219 918 3283 τοῦ
961 3217 1297 3282 κινεῖσθαι
1340 3218 1452 3281 καὶ
1497 3213 1764 3300 ἠρεμεῖν
1794 3221 1863 3282 ὲν
1891 3208 1945 3301 ᾦ
1974 3213 2250 3303 ὑπάρχει
2269 3212 2547 3302 ,πρώτως
2573 3211 2741 3279 καθ’

539 3316 703 3387 aicta
749 3323 859 3386 καὶ
903 3315 996 3406 μὴ
1042 3314 1213 3385 κατὰ
1259 3315 1752 3404 συμβεβηκός),·
1807 3321 1959 3386 inde
2019 3331 2085 3386 et
2132 3323 2392 3388 materia
2440 3329 2748 3405 tamquam

540 3423 915 3509 excipiendo
963 3424 1074 3489 mli
1119 3427 1436 3511 principio
1484 3438 1650 3511 apta,
1696 3435 1761 3490 et
1805 3428 2157 3514 generati0‚
2200 3428 2241 3488 i.
2279 3446 2332 3488 e.
2375 3426 2478 3487 via
2519 3422 2599 3486 ab
2634 3421 2748 3486 illo

538 3529 856 3612 principio
897 3549 1139 3606 exorsa,
1173 3525 1368 3616 φύσις
1399 3527 1775 3614 appellatur.
1844 3531 1930 3594 Et
1957 3528 2118 3594 illud
2150 3528 2419 3615 quidem,
2451 3531 2554 3606 ait,
2582 3529 2749 3612 prin-

538 3633 768 3716 (apium
814 3630 1117 3696 movendi
1160 3634 1257 3696 rei
1299 3634 1576 3710 insitum,
1620 3635 1687 3696 in
1727 3654 1857 3719 quo
1904 3635 2185 3701 cernitur
2225 3627 2485 3723 φύσεως
2527 3633 2749 3718 prima-

537 3737 627 3798 ria
676 3737 773 3799 vis
821 3758 896 3799 ac
939 3738 1140 3814 notio,
1184 3735 1291 3799 vel
1334 3738 1623 3821 potentia
1668 3737 1862 3801 rebus
1899 3740 2082 3815 inest,
2129 3759 2316 3821 quum
2351 3746 2631 3822 possunt
2676 3756 2747 3799 ex

536 3859 606 3902 se
663 3841 841 3924 ipsae
907 3842 1164 3918 mutari,
1218 3839 1324 3904 vel
1369 3848 1544 3917 actu,
1605 3862 1794 3924 quum
1853 3864 1926 3907 re
1975 3863 2143 3906 vera-
2172 3850 2495 3905 mutantur
2535 3850 2603 3903 et
2644 3860 2750 3902 na-

520 3952 822 4008 sentitur.

668 4045 773 4111 De
806 4046 1026 4112 oedem
1058 4057 1323 4113 naturae
1354 4050 1628 4112 notione
1656 4048 2037 4113 Aristoteles
2071 4048 2353 4134 disputat
2379 4047 2573 4132 Phys.
2595 4046 2657 4109 ΙΙ
2690 4047 2746 4110 1.

538 4148 727 4235 Quae
771 4154 828 4214 si
871 4173 1014 4216 cum
1059 4151 1156 4215 his
1203 4150 1572 4230 contuleris,
1617 4155 1815 4238 ipsius
1863 4151 2116 4239 quidem
2159 4155 2255 4219 rei
2297 4155 2401 4216 vix
2435 4150 2630 4216 ullam
2659 4152 2750 4214 in-

535 4257 789 4319 veneris
836 4254 1295 4335 diversitatem,
1346 4254 1660 4342 siquidem
1705 4258 1919 4320 variae
1962 4254 2468 4344 significationes
2511 4256 2752 4340 pariter

534 4367 605 4424 et
643 4379 854 4446 prope
894 4357 1125 4423 iisdem
1176 4358 1501 4424 interdum
1539 4359 1754 4424 verbis
1801 4372 1865 4425 at
1908 4360 2013 4424 hic
2058 4369 2125 4424 et
2165 4358 2300 4424 illic
2339 4357 2751 4445 explicantur,
