3043 4973
1110 241 1182 310 Δ
1240 236 1352 312 12.
1433 239 1703 314 1019α.
2363 244 2506 321 253

295 410 638 489 15-021,
682 409 855 476 iilam
900 413 1232 479 notionem
1275 418 1606 500 potentiae
1646 426 1712 481 et
1743 419 1814 481 in
1849 419 1998 503 ipso
2035 419 2356 486 vocabulo
2391 421 2507 487 δυ-

290 507 553 597 νάμεως
608 524 672 580 et
732 519 798 580 in
852 518 932 580 iis
991 538 1155 603 quse
1209 518 1363 583 inde
1414 518 1604 584 dueta
1647 531 1797 585 sunt
1840 524 2248 608 conspicuam
2292 546 2508 612 perse-

292 617 535 700 quitum
580 617 833 696 deinde,
874 622 1221 699 ⁶22-33,
1268 622 1349 687 ad
1393 626 1727 688 notionem
1770 624 2211 711 possibilitatis
2250 631 2503 704 transit;

291 718 571 804 denique
600 722 720 787 sub
760 723 955 788 finem
985 724 1433 811 disputationis
1463 726 1962 812 metaphoricum
1992 729 2294 795 vocabuli
2321 753 2502 797 usum

289 821 471 887 addit
526 834 593 888 et
647 830 976 912 potentiae
1029 833 1235 893 varias
1290 829 1794 917 significationes
1840 830 1924 896 ad
1965 834 2318 917 primariam
2363 838 2503 901 eius

291 928 625 992 notionem
667 930 885 1008 refert,
926 932 1056 996 1³33
1078 968 1159 984 ·-
1179 933 1389 998 1020«
1425 935 1490 997 6.

422 1030 501 1093 A.
590 1031 709 1096 De
751 1038 1150 1118 potentia.
1243 1038 1452 1102 10190
1491 1037 1838 1102 15—b21.
2055 1101 2060 1104 ,

424 1134 509 1212 1)
562 1131 931 1219 δύναμις.
1002 1139 1213 1203 1019«
1258 1139 1563 1203 15-32,
1632 1139 1932 1205 Potentia
1973 1139 2084 1206 vel
2133 1151 2234 1206 est
2277 1144 2501 1222 πᾶνα,

288 1237 427 1301 ⁸15
447 1274 526 1288 —-
545 1238 650 1315 20,
684 1237 790 1304 vel
827 1243 1094 1325 passiva,
1128 1243 1266 1306 «220
1294 1263 1405 1326 sq.,
1449 1263 1526 1305 ac
1568 1241 1674 1307 vel
1709 1241 1956 1327 quidvis
1990 1244 2278 1329 patiendi
2306 1244 2501 1310 facul-

287 1348 389 1402 tas
432 1327 1010 1423 potentia'dicitur,
1053 1342 1161 1408 vel
1206 1347 1533 1430 potentiae
1575 1366 1815 1410 nomen
1856 1345 1936 1410 ad
1973 1346 2334 1412 facultatem
2369 1370 2500 1413 me·

285 1440 454 1506 liora
498 1444 781 1529 patiendi
826 1450 1247 1534 restringitur,
1282 1450 1418 1513 221
1438 1450 1642 1515 -23,
1712 1448 1970 1514 Deinde
2015 1459 2080 1514 et
2122 1453 2390 1516 activam
2436 1461 2502 1516 et

285 1548 605 1630 passivam
661 1553 1016 1635 potentiam
1071 1571 1207 1615 non
1264 1551 1559 1616 omnibus
1615 1551 1974 1631 tribuimus,
2032 1556 2140 1637 qni
2197 1554 2352 1638 quid
2393 1552 2501 1618 vel

288 1669 487 1734 agere
530 1662 805 1736 possunt
846 1652 951 1719 vel
995 1657 1156 1739 pati,
1215 1653 1331 1719 sed
1382 1658 1490 1741 qui
1535 1655 1603 1721 id
1647 1654 1832 1720 facile
1877 1676 1954 1719 se
1994 1653 2165 1721 bene
2198 1657 2497 1742 possunt,

286 1753 651 1819 ‹223-26.
713 1756 1015 1842 Denique
1056 1761 1409 1842 potentium
1452 1761 1531 1823 iis
1577 1757 1909 1824 tribuimus
1953 1756 2164 1837 rebus,
2208 1780 2372 1844 quae
2415 1757 2501 1823 ad

284 1852 677 1921 deteriorem
721 1868 951 1924 statum
995 1860 1307 1925 immutari
1361 1861 1469 1926 vel
1525 1864 1788 1927 omnino
1843 1870 2172 1946 nequeunt
2212 1860 2319 1925 vel
2360 1880 2498 1928 non

284 1958 477 2023 facile
522 1971 809 2044 possunt,
849 1964 1205 2028 ‹126-32,
1255 2001 1334 2017 —-
1384 1967 1537 2030 Tria
1591 1965 1688 2029 his
1744 1962 1956 2029 verbis
1999 1967 2339 2050 proposuit
2380 1954 2498 2050 po-

284 2065 528 2128 tentiae
584 2062 973 2144 discrimina,
1029 2089 1223 2134 unum
1278 2070 1546 2154 petitum
1606 2089 1644 2132 e
1699 2077 1924 2132 natura
1982 2066 2090 2132 vel
2144 2072 2348 2134 activa
2390 2066 2498 2132 vel

281 2169 540 2252 passiva
599 2172 957 2253 potentiae,
1011 2169 1279 2236 alterum
1324 2192 1362 2235 e
1407 2181 1632 2238 natura
1676 2170 1784 2236 vel
1838 2170 2102 2235 meliore
2157 2170 2265 2235 vel
2322 2169 2498 2237 dete-

282 2273 460 2335 riore
507 2274 643 2336 eius
688 2282 904 2350 status,
954 2272 1037 2340 ad
1078 2296 1267 2359 quem
1313 2274 1465 2360 quid
1508 2273 1816 2342 mutando
1861 2276 2113 2352 transit,
2157 2276 2415 2337 tertium
2455 2294 2498 2338 e

280 2376 537 2438 ratione
579 2375 685 2440 vel
729 2374 899 2440 facili
943 2377 1049 2442 vel
1088 2377 1353 2453 difficili,
1400 2398 1523 2462 qua
1560 2380 1698 2463 ipsa
1737 2380 2005 2442 mutatio
2042 2385 2112 2440 et
2147 2379 2313 2440 aetio
2353 2389 2496 2461 per·

280 2477 526 2543 ficitur:
573 2477 689 2544 sed
735 2503 806 2545 ea
853 2479 1108 2566 quidem
1142 2480 1503 2549 discrimina
1541 2502 1665 2546 nee
1696 2480 1983 2547 distinxit
2015 2482 2166 2545 satis
2200 2489 2347 2564 apte
2374 2499 2498 2543 nee

283 2586 633 2649 coniunxit.
699 2582 899 2667 Quod
937 2588 1102 2651 enim
1138 2584 1294 2650 dicit
1329 2587 1494 2651 1121:
1542 2582 1650 2650 ὁτὲ
1684 2586 1807 2668 μὲν
1838 2619 1939 2661 ·-,
1977 2580 2084 2649 ὁτὲ
2117 2579 2176 2646 δ’
2211 2579 2292 2647 οὐ
2322 2572 2495 2647 κατὰ

281 2687 427 2751 πᾶν
467 2682 700 2762 πάθος
742 2683 889 2751 ozai?
933 2679 1020 2752 ἂν
1064 2689 1170 2753 ἐπὶ
1213 2681 1290 2752 τὸ
1326 2687 1604 2770 βέλτιον,
1648 2687 1716 2752 id
1752 2708 1888 2755 non
1923 2684 2205 2751 debebat
2238 2684 2324 2749 ad*
2352 2705 2495 2770 pas-

283 2792 485 2854 sivam
530 2790 880 2875 potentiam
925 2793 1329 2878 restringere,
1373 2790 1489 2856 sed
1529 2789 1611 2855 ad
1649 2798 1983 2875 utrumqne
2021 2789 2349 2875 potentiae
2384 2808 2497 2875 ge-

281 2914 409 2958 nus
457 2903 525 2958 et
563 2895 883 2979 passivum
929 2903 995 2958 et
1021 2897 1292 2959 activum
1321 2897 1562 2981 pariter
1599 2890 1959 2961 extendere.
2035 2893 2146 2973 (Si
2178 2895 2317 2977 quis
2352 2913 2515 2957 oum·

283 2995 608 3060 veteribus
656 2996 1041 3061 editionibus
1086 3001 1473 3063 assentiente
1518 2997 1792 3062 fortasse
1822 2995 2206 3073 Alexandro,
2252 2995 2329 3058 cf.
2360 3016 2491 3060 var.

281 3098 464 3177 lect„
520 3099 679 3163 baec
723 3099 917 3164 verba
964 3121 999 3164 a
1046 3099 1482 3186 superioribus
1528 3100 1926 3174 disiunxerit,
1982 3109 2221 3183 puncto
2273 3101 2492 3183 posito

284 3211 439 3290 post
494 3198 730 3287 πάσχει
774 3225 848 3280 „²⁸⁶
902 3214 968 3268 et
1024 3202 1240 3269 addita
1290 3213 1441 3291 post
1484 3201 1593 3268 ὁτὲ
1636 3205 1756 3287 μὲν
1798 3202 2112 3287 particula
2157 3191 2304 3278 οὖν,
2359 3211 2492 3267 tum

282 3305 355 3372 id
412 3305 667 3391 quidem
722 3304 983 3392 proficit
1035 3316 1107 3371 ut
1161 3307 1320 3373 haec
1381 3305 1703 3373 distinctio
1762 3327 1798 3369 a
1856 3308 2190 3391 superiore
2245 3305 2492 3371 activae

285 3419 355 3476 et
409 3412 698 3496 passivae
752 3414 1084 3496 potentiue
1140 3414 1423 3496 apertius
1477 3413 1873 3497 seiungatur,
1931 3406 2046 3472 sed
2097 3428 2184 3473 ne
2226 3408 2317 3471 sic
2361 3408 2493 3492 qui-

287 3511 433 3579 dem
475 3512 663 3578 latius
707 3513 981 3599 patebit,
1026 3534 1210 3599 quam
1255 3512 1338 3578 ad
1379 3517 1732 3600 potentiam
1777 3514 2151 3598 passivam.)
2232 3509 2494 3575 Deinde

285 3615 402 3683 ubi
442 3619 522 3681 iis
563 3616 788 3695 rebnS‚
847 3639 1011 3703 quae
1067 3628 1216 3683 sunt
1273 3615 1520 3697 ἀπαθῆ
1577 3618 1682 3683 ἐπὶ
1739 3610 1816 3680 τὸ
1867 3621 2092 3702 χεῖρον
2141 3618 2494 3701 potentiam

285 3718 522 3798 tribuit,
566 3720 694 3785 hoe
739 3741 873 3787 non
918 3720 1193 3786 debebat
1236 3732 1550 3807 tamquam
1597 3740 1833 3785 novum
1869 3738 2248 3803 proponere
2277 3718 2494 3785 discri-

283 3843 452 3900 men,
494 3822 611 3887 sed
658 3827 1021 3888 continetur
1062 3823 1220 3889 illud
1266 3828 1387 3888 iam
1432 3825 1768 3911 superiore
1801 3824 2087 3899 notione,
2134 3840 2324 3907 quum
2357 3824 2496 3907 qui-

287 3924 433 3991 dem
477 3924 560 3991 ad
606 3946 679 3993 ea
726 3925 865 3990 sola
910 3931 1261 4013 potentiam
1304 3928 1528 3993 referri
1571 3926 1743 4006 dixit,
1789 3946 1952 4011 quae
1996 3928 2064 3989 in
2107 3923 2330 3993 melius
2359 3947 2494 3990 mu-

284 4032 406 4094 tari
447 4031 717 4115 possint,
753 4031 1112 4095 ae21—23.

421 4135 632 4197 1⁰19«
668 4133 755 4198 16
799 4136 881 4198 ἐν
922 4137 1167 4220 ἑτέρῳ
1209 4127 1254 4214 ἢ
1294 4123 1335 4222 ᾗ
1388 4137 1670 4219 ἕτερον
1723 4135 1973 4219 scripsi,
2030 4130 2247 4199 addita
2302 4133 2494 4217 parti·
2561 4136 2574 4149 ⁴

285 4235 432 4303 cula
474 4235 852 4303 disiunctiva
894 4231 958 4317 ἥ,
999 4247 1252 4323 praeter
1296 4234 1438 4301 cod.
1484 4235 1557 4299 Ε
1596 4245 1662 4301 et
1703 4236 1851 4301 edd.
1897 4236 2040 4301 Ald.
2082 4234 2266 4321 sylb.
2309 4236 2488 4299 Bess.

285 4348 543 4405 secutus
572 4338 917 4407 Alexandri
956 4343 1226 4407 maxime
1268 4341 1708 4405 auctoritatem
1753 4363 1818 4426 p.
1847 4342 2000 4418 351,
2040 4341 2148 4405 23.
2219 4340 2491 4413 Assura-
