3043 4973
531 250 677 327 302
999 236 1003 239 ⁶
1360 252 1438 322 Ζ
1481 249 1550 323 4.
1637 248 1906 323 102912.

531 431 857 517 praecipit.
924 429 1229 493 Proximis
1261 436 1471 493 autem
1504 430 1571 492 in
1608 426 1819 491 verbis
1857 435 2067 491 utrum
2103 426 2362 514 vulgata
2398 427 2741 512 scriptura:

529 536 644 600 καὶ
700 534 844 597 τοῦ
901 530 969 610 ἐξ
1024 528 1281 620 ἀμφοῖν
1336 528 1660 616 πρότερον
1719 532 1901 596 ἔσται
1955 524 2064 595 διά
2107 524 2226 596 τὸν
2272 524 2477 596 αὑτὸν
2524 525 2743 613 λόγον,

532 661 615 703 an
661 637 854 701 lectio
889 634 1229 700 Alexandri
1264 657 1328 720 p.
1361 636 1507 712 431,
1547 636 1632 698 24
1672 645 1737 699 et
1771 635 1914 702 cod.
1945 635 2035 699 Ab
2076 645 2141 700 et
2169 637 2598 698 Bessarionis:
2632 635 2744 697 καὶ

531 736 622 808 τὸ
680 736 748 818 ἐξ
804 736 1062 824 ἀμφοῖν
1104 739 1239 801 κτλ.
1296 738 1720 822 praeferenda
1778 742 1888 816 sit,
1946 742 2096 803 satis
2156 738 2413 803 dubium
2471 737 2743 802 videtur.

533 847 748 932 Quum
807 846 971 907 enim
1031 863 1131 905 res
1178 853 1475 908 concreta
1523 842 1793 908 medium
1842 841 2153 929 quendam
2199 841 2410 907 locum
2457 841 2747 906 obtineat

533 954 700 1016 inter
756 950 1020 1013 formam
1079 944 1490 1012 definientem
1549 958 1614 1014 et
1661 946 2055 1012 indefinitam
2100 950 2452 1026 materiam,
2510 956 2743 1011 utrum—

517 1076 661 1141 ·que
706 1056 794 1118 ita
838 1060 1056 1138 potest
1099 1048 1397 1135 explicari
1444 1062 1515 1118 ut
1559 1061 1734 1116 recte
1780 1073 1848 1116 se
1891 1051 2126 1116 habere
2170 1050 2489 1127 videatur;
2536 1060 2742 1115 utrum

538 1159 863 1243 scripserit
910 1153 1281 1219 Aristoteles
1328 1164 1458 1219 tum
1519 1153 1769 1220 demum
1828 1166 2002 1220 certo
2062 1164 2286 1240 posset
2342 1154 2635 1233 iudicari,
2692 1156 2746 1219 si

537 1266 688 1328 satis
746 1268 1069 1325 constaret
1124 1280 1254 1344 quo
1312 1269 1559 1344 spectet
1612 1263 1908 1324 universa
1969 1260 2127 1323 haec
2175 1261 2559 1323 enunciatio.
2653 1260 2746 1322 Ac
2860 1319 2871 1336 ,

538 1376 848 1452 sequente
904 1362 1155 1448 quidem
1216 1363 1678 1449 disputationis
1720 1373 1902 1449 parte
1941 1373 2213 1448 utraque
2257 1362 2509 1427 videtur
2551 1361 2744 1426 lectio

541 1465 971 1535 commendari
1005 1487 1224 1552 posse;
1270 1470 1499 1534 etenim
1534 1468 1730 1532 modo
1769 1469 1904 1532 «129
1942 1460 2017 1531 τὸ
2048 1464 2223 1542 εἶδος
2254 1468 2365 1532 καὶ
2400 1460 2478 1531 τὸ
2512 1463 2582 1544 ἐξ
2618 1463 2747 1548 ἀμρ

539 1582 699 1665 φοῖν
743 1575 918 1659 prius
963 1575 1221 1656 materia
1267 1572 1986 1657 ideoque'substantiae
2030 1573 2298 1656 propius
2339 1569 2506 1647 dicit,
2550 1568 2748 1636 modo

538 1681 671 1744 «231
717 1671 796 1742 τὸ
843 1673 912 1753 ἐξ
955 1671 1212 1763 ἀμφοῖν
1259 1679 1580 1762 posterius
1638 1675 1790 1742 dicit
1846 1697 2015 1738 mera
2078 1696 2151 1737 ac
2184 1672 2482 1758 simplice
2526 1673 2751 1750 forma,

537 1780 783 1866 ὑστέρα
827 1773 956 1862 γὰρ
1002 1782 1156 1857 (int.
1203 1778 1246 1857 ἡ
1293 1777 1362 1857 ἐξ
1406 1778 1665 1867 ἀμφοῖν
1708 1777 1905 1844 οὐσία
1950 1779 2068 1843 τοῦ
2113 1775 2360 1857 εἴδους)
2406 1778 2520 1841 καὶ
2565 1771 2751 1857 δήλη,

539 1889 830 1952 nimirum
876 1885 1092 1950 sensui
1138 1893 1202 1946 et
1247 1886 1675 1968 experientiae
1722 1883 2069 1948 manifesta.

677 1988 997 2055 1029a22
1043 1976 1095 2069 ᾧ
1140 1979 1229 2050 τὸ
1278 1984 1490 2052 εἶναι
1536 1992 1818 2072 ἕτερον
1861 1987 2190 2051 καὶτῶν
2228 1985 2754 2068 κατηγοριῶν

543 2088 862 2179 ἑκάστῃ.
959 2073 1145 2174 Quae
1203 2091 1569 2154 tribuuntur
1624 2093 1922 2155 materiae
1980 2088 2314 2174 qualitates
2373 2088 2752 2153 affectiones

546 2206 694 2274 cet.,
748 2215 862 2258 eae
909 2216 977 2258 re
1024 2193 1276 2279 quidem
1323 2204 1389 2257 et
1434 2196 1793 2259 exsistentia
1842 2218 1981 2278 cum
2028 2196 2286 2258 materia
2331 2195 2399 2256 in
2445 2195 2755 2258 unitatem

544 2299 940 2373 coalescunt;
998 2300 1270 2362 notione
1329 2306 1538 2364 tamen
1596 2301 1854 2364 materia
1911 2297 1988 2361 ab
2035 2300 2115 2362 iis
2163 2296 2407 2375 differt,
2462 2290 2540 2362 τὸ
2589 2291 2755 2363 εἶναι

544 2410 781 2492 ἕτερον.
852 2400 954 2466 Cf.
1005 2399 1243 2466 Trend.
1292 2403 1439 2467 Kat.
1486 2425 1548 2486 p,
1580 2404 1687 2467 39.

680 2510 888 2573 1029a
930 2509 1015 2571 25
1078 2503 1261 2570 οὐδὲ
1315 2500 1409 2585 δὴ
1456 2510 1540 2571 αἱ
1585 2502 2071 2594 ἀποφάσεις.
2163 2506 2501 2583 Materiae,
2564 2528 2755 2590 quum

542 2612 865 2699 quaelibet
921 2612 1246 2697 categoria
1305 2612 1507 2696 possit
1564 2611 1994 2697 praedicando
2053 2613 2386 2697 coniungi,
2424 2609 2619 2675 nulla
2678 2631 2756 2675 ex

546 2717 839 2782 omnibus
887 2717 1229 2801 categoriis
1275 2725 1491 2800 potest
1536 2719 1766 2781 inesse.
1843 2714 2065 2780 Nihilo
2113 2735 2268 2778 vero
2313 2716 2515 2801 magis
2563 2734 2755 2801 neg-a·

545 2823 755 2885 tiones
799 2822 1294 2905 categoriarum,
1349 2818 1548 2883 veluti
1589 2815 1666 2885 τὸ
1713 2813 1806 2904 μὴ
1854 2812 1960 2896 ὅν,
2016 2813 2093 2883 τὸ
2140 2812 2412 2896 ἄποιον,
2465 2810 2540 2882 τὸ
2586 2813 2756 2885 ἄπο-

546 2942 687 3001 σον,
735 2927 795 2988 ei
838 2932 1110 3008 possunt
1152 2943 1294 3008 per
1331 2944 1408 2986 se
1453 2904 1680 3002 inesse,
1727 2923 1842 2989 sed
1881 2945 1997 3008 per
2038 2921 2348 3000 accidens,
2395 2916 2758 3007 ὑπάρξουσι

545 3019 717 3091 κατὰ
763 3020 1192 3107 συμβεβηκός.
1279 3028 1530 3091 Etenim
1577 3020 1814 3103 ἄποιος
1856 3031 2113 3095 materia
2161 3024 2286 3090 dici
2333 3035 2566 3112 potest,
2609 3045 2757 3110 qua-

547 3141 731 3197 tenus
779 3128 1123 3194 definietur
1168 3151 1284 3215 per
1329 3129 1708 3215 qualitatem,
1757 3125 2013 3208 ἀποσος
2057 3141 2367 3217 quatenus
2414 3128 2757 3195 definietur

543 3257 664 3322 per
708 3237 1151 3320 quantitatem3
1210 3234 1533 3319 quaelibet
1586 3236 1785 3321 igitur
1835 3239 2097 3322 negatio
2144 3256 2278 3301 non
2322 3256 2438 3321 per
2482 3255 2583 3311 se,
2643 3230 2758 3298 sed

545 3338 709 3403 alius
762 3337 1084 3405 cuiusdam
1144 3340 1239 3403 rei
1284 3338 1859 3405 adhibitaratione
1903 3339 2214 3405 tribuetur
2257 3341 2576 3403 materiae.
2650 3334 2754 3402 Cf,

545 3444 622 3508 A
668 3443 730 3505 2.
775 3444 979 3529 loom>
1024 3443 1127 3508 18.
2280 3457 2284 3461 ⁴

1441 3614 1669 3719 CAP.
1739 3616 1863 3692 IV.

688 3758 873 3836 Quid
926 3760 1018 3823 sit
1064 3751 1142 3824 τὸ
1185 3757 1253 3821 τί
1296 3745 1380 3837 ἦν
1425 3750 1593 3822 εἶναι
1646 3769 1712 3823 et
1770 3759 2003 3847 quibua
2045 3764 2130 3825 'in
2184 3760 2377 3826 rebam
2436 3782 2624 3824 aum
2681 3781 2762 3822 ac

547 3865 910 3948 principem
953 3862 1187 3927 habeat
1232 3863 1458 3926 locum.

688 3982 888 4045 102911
929 3985 965 4045 1
1015 3983 1189 4047 ἐπεὶ
1235 3979 1294 4046 δ’
1340 4018 1429 4030 --
1478 3982 1563 4046 13
1610 3972 1971 4065 λογικῶς.
2058 3983 2333 4069 Opponi
2392 3984 2761 4068 saepissime

555 4083 634 4148 ab
679 4083 1024 4149 Aristotele
1074 4108 1147 4152 ea
1207 4108 1369 4171 quae
1414 4085 1605 4149 nobis
1650 4089 1953 4172 propiora
2001 4085 2083 4150 ad
2131 4084 2651 4174 cognoscendum
2698 4094 2765 4148 et

553 4191 802 4273 aptiora
836 4199 996 4265 sunt,
1043 4200 1110 4252 et
1154 4211 1226 4254 ea
1273 4212 1436 4275 quae
1476 4200 1700 4274 suapte
1734 4199 1956 4255 natura
1984 4184 2140 4255 'sunt
2170 4193 2369 4278 magis
2402 4188 2480 4253 ad
2521 4209 2764 4277 cogno-

555 4293 855 4357 scendum
915 4291 1182 4372 idonea,
1238 4287 1323 4357 τά
1382 4290 1546 4377 ἡμῖν
1589 4295 1723 4356 sive
1767 4287 1934 4380 πρὸς
1976 4290 2154 4377 ἡμᾶς
2196 4289 2656 4378 γνωριμώτερα
2703 4302 2767 4357 et

553 4389 640 4460 τά
685 4391 880 4484 φύσει
922 4392 1400 4486 γνωριμώτερα,
1444 4407 1509 4462 et
1554 4396 1636 4461 ad
1680 4395 1839 4462 illud
1885 4396 2137 4484 quidem
2170 4419 2376 4486 genus
2406 4397 2631 4462 referri
2660 4418 2763 4461 res
