3043 4973
1177 265 1258 336 A
1308 261 1376 336 7.
1456 262 1728 338 1073ιι.
2281 192 2304 211 ⁸
2369 265 2559 341 *2508
2635 263 2642 271 ’

354 433 574 500 mundi
617 444 869 501 motore
911 438 1205 524 principii
1249 441 1563 504 moventis
1608 448 1674 503 et
1715 436 1929 503 finalis
1970 447 2037 504 et
2076 438 2303 506 ideaiis
2339 448 2566 507 namra

353 539 711 603 refutantur
752 542 827 617 ii,
884 543 1020 623 qui,
1070 551 1143 605 ut
1184 540 1575 628 Pythagorei
1622 551 1687 606 et
1730 542 2151 627 Speusippus,
2214 542 2565 611 bonitatem

354 652 419 706 et
460 641 994 728 pulchritudinem
1040 664 1077 705 a
1120 646 1441 729 principio
1500 665 1711 709 rerum
1769 647 2117 710 seiunctam
2180 667 2324 715 esse
2375 656 2440 711 et
2483 646 2565 712 ad

270 735 279 739 ’
355 766 570 809 earum
613 744 807 809 finem
854 745 1353 812 transferendam
1401 756 1809 825 censuerunt,
1860 746 2106 812 inducti
2153 750 2449 814 nimirum
2494 752 2567 817 in

322 844 522 912 ‘hunc
564 868 843 912 errorem
894 869 1102 912 renam
1156 847 1545 936 singularum
1583 851 2080 934 comparatione,
2125 872 2392 936 quarum
2433 851 2560 917 ele·

353 959 565 1015 menta
607 972 760 1015 sane
805 963 869 1014 et
906 971 1132 1015 causae
1169 954 1498 1039 proximae
1534 954 1689 1037 ipsis
1726 961 1880 1017 sunt
1911 953 2401 1039 imperfectiora,
2445 956 2562 1021 sed

351 1052 700 1139 repetenda
758 1064 969 1119 tamen
1025 1065 1177 1120 sunt
1235 1077 1309 1120 ex
1369 1057 1575 1120 causis
1625 1055 2060 1140 superioribus
2103 1058 2308 1141 iisque
2352 1058 2563 1143 perie-

352 1159 487 1220 ctis.
568 1155 790 1240 Quare
835 1156 919 1221 ad
963 1159 1225 1241 primam
1271 1179 1523 1223 causam
1568 1180 1643 1222 ea
1687 1161 1900 1245 imago
1947 1178 2081 1223 non
2124 1158 2407 1225 debebat
2453 1160 2561 1226 ad

349 1258 569 1322 hiberi.
628 1262 933 1345 (σπέρμα
969 1262 1114 1339 ῠ35,
1153 1260 1235 1324 cf.
1267 1260 1347 1325 ad
1377 1264 1440 1325 6.
1474 1263 1680 1327 1o71⁶
1697 1263 1808 1326 31.
1824 1266 1850 1340 )
1881 1299 1968 1311 -—
2000 1259 2286 1327 Eandem
2317 1265 2564 1350 vimpev

352 1365 663 1426 rationem
709 1361 977 1449 legimus
1007 1365 1087 1428 N
1108 1364 1413 1428 4.1091·
1438 1366 1526 1430 33
1555 1385 1691 1450 sqq.
1737 1366 1803 1428 5.
1836 1365 2046 1431 109Ίσ
2072 1366 2176 1429 11.
2244 1366 2331 1430 Et
2358 1365 2561 1452 Speu-

351 1469 571 1551 sippus
615 1464 869 1550 quidem
913 1465 1242 1550 quomodo
1281 1467 1530 1531 dicatur
1566 1466 1918 1531 bonitatem
1951 1485 2084 1529 non
2111 1486 2360 1532 summo
2391 1469 2561 1554 prin>

353 1570 526 1654 cipio
574 1567 891 1645 tribuisse,
936 1567 1053 1632 sed
1098 1590 1234 1634 eam
1279 1568 1554 1654 ὕστερα)
1557 1571 1672 1649 rvr}
1715 1570 2026 1655 posuisse,
2069 1574 2379 1656 cognosci
2419 1579 2560 1656 pot*

350 1681 450 1735 est
494 1669 642 1735 coll.
682 1671 746 1733 Z
778 1672 841 1735 2.
882 1672 1084 1735 10281»
1107 1673 1225 1736 21:
1274 1668 1713 1748 Σπεύσιππος
1756 1671 1825 1737 δὲ
1868 1672 1982 1737 καὶ
2023 1671 2286 1747 πλείους
2329 1669 2560 1747 οὐσίας

354 1765 489 1837 ἀπὸ
536 1773 653 1838 τοῦ
697 1766 845 1848 ἐνὸς
886 1768 1288 1858 ἀρξάμενος,
1343 1776 1457 1838 καὶ
1501 1769 1712 1858 ἀρχὰς
1754 1767 2032 1853 ἑκάστης
2075 1769 2305 1850 οὐσίας
2349 1766 2559 1853 ἄλλην

350 1878 471 1960 μὲν
518 1872 848 1958 ἀριθμῶν,
892 1869 1104 1955 ἄλλην
1143 1877 1211 1941 δὲ
1244 1877 1573 1960 μεγεθῶν,
1618 1878 1838 1941 ἔπειτα
1881 1877 2116 1964 ψυχῆς.
2184 1877 2361 1940 Haec
2390 1877 2556 1939 enim

353 1976 600 2041 diversa
650 1998 857 2041 rerum
903 1999 1141 2065 genera
1176 1979 1574 2064 Speusippus
1611 1977 1932 2065 putandus
1980 1988 2078 2042 est
2120 1998 2255 2042 non
2296 1999 2557 2064 prorsus

353 2082 637 2144 seiuncta
682 2084 849 2144 inter
890 2102 962 2145 se
1006 2084 1316 2166 posuisse,
1363 2081 1478 2146 sed
1524 2082 1822 2168 profecto
1865 2080 2248 2165 perfectiora
2298 2099 2386 2143 ex.
2417 2083 2559 2144 sim-

352 2182 726 2268 plicioribus
759 2194 823 2247 et
852 2184 1236 2268 imperfectis
1265 2186 1539 2268 repetiit,
1574 2184 1774 2249 veluti
1801 2185 2222 2268 geometricas
2250 2187 2559 2270 magnitu-

352 2285 533 2350 dines
576 2308 651 2350 ex
694 2285 1100 2351 arithmeticis
1144 2287 1300 2362 sim„
1344 2284 1517 2349 unde
1559 2305 1770 2369 prope
1807 2287 2168 2352 necessario
2207 2303 2287 2349 eo
2324 2293 2422 2351 est
2450 2281 2559 2346 de·

353 2387 596 2465 ductuS,
639 2398 710 2453 ut
752 2399 1077 2474 postremo
1126 2387 1375 2452 demum
1408 2387 1686 2471 ideoque
1728 2386 2189 2471 perfectissimo
2218 2388 2287 2450 in
2317 2407 2558 2473 genere

352 2515 561 2557 rerum
607 2492 876 2557 bonitati
920 2514 1104 2557 suum
1152 2493 1502 2578 assignaret
1544 2490 1777 2554 locum.
1847 2490 1978 2556 Sed
2009 2490 2405 2576 Pythagorei
2434 2509 2557 2574 qua

356 2594 439 2659 de
486 2617 671 2661 causa
717 2595 842 2659 hue
885 2595 1243 2658 referantur
1288 2593 1511 2658 dubito
1559 2615 1708 2658 num
1754 2603 1930 2658 certo
1974 2591 2306 2658 diiudicari
2335 2594 2556 2678 possit.

356 2696 570 2762 Zeller
609 2698 723 2762 Ph.
771 2697 830 2761 d.
873 2696 989 2762 Gr.
1033 2697 1078 2759 1.
1123 2719 1186 2781 p.
1218 2697 1347 2761 125
1393 2697 1944 2783 Pythagoreorum
1997 2695 2080 2760 de
2122 2698 2400 2760 numeris
2447 2693 2561 2759 do·

356 2803 617 2865 ctrinam
663 2802 893 2886 respici
936 2808 1135 2886 putat.
1224 2799 1555 2885 Optimum
1615 2802 1780 2865 enim
1838 2806 1904 2863 et
1955 2796 2438 2884 pulcherrimum
2485 2819 2561 2864 ex

356 2903 604 2990 placitis
634 2904 1186 2991 Pythagoreorum
1220 2924 1359 2967 esse
1395 2922 1722 2967 numerum
1754 2912 1822 2966 et
1855 2902 2260 2978 harmoniam,
2295 2922 2372 2968 ea
2403 2921 2560 2966 vero

356 3028 490 3072 non
539 3029 678 3072 esse
722 3009 1060 3093 principia,
1111 3005 1226 3072 sed
1274 3017 1414 3071 orta
1462 3027 1538 3072 ex
1582 3006 1942 3084 elementis,
1999 3004 2130 3070 stne
2177 3014 2242 3070 et
2279 3003 2557 3070 infinito.

296 3099 309 3110 ’
359 3111 627 3175 Krische
666 3132 823 3175 vero
860 3109 904 3174 1.
936 3109 976 3174 l.
1016 3134 1078 3195 p.
1100 3111 1235 3176 256
1263 3130 1397 3196 sqq.
1441 3113 1975 3199 vituperationem
2008 3109 2116 3173 Ar.
2161 3106 2246 3172 ad
2290 3128 2426 3172 eam
2466 3129 2564 3171 re·

357 3212 482 3277 fert
526 3214 1079 3300 Pythagoreorum
1124 3223 1378 3292 sectam,
1418 3216 1527 3297 qui
1565 3215 1927 3298 potissimas
1967 3211 2414 3295 oppositiones
2448 3229 2564 3295 per

360 3314 518 3380 duas
546 3299 746 3379 series
777 3316 1222 3401 disposuerint,
1258 3315 1336 3380 cf.
1358 3316 1442 3396 ,A
1469 3319 1531 3381 5.
1564 3317 1730 3381 9860
1753 3315 1872 3390 233
1914 3315 1959 3376 ii
1994 3316 2157 3378 enim
2188 3323 2321 3375 non
2353 3311 2561 3398 primo

360 3417 511 3482 loco
555 3429 911 3504 posuerunt
951 3418 1191 3483 bonum
1240 3427 1309 3481 et
1348 3417 1597 3497 malum,
1641 3418 1760 3483 sed
1805 3417 2014 3482 exorsi
2057 3437 2096 3478 a
2140 3412 2273 3478 fine
2318 3424 2385 3479 et
2422 3412 2564 3482 infl-

358 3523 500 3585 nito
535 3519 736 3609 longe
766 3523 1188 3608 posteriorem
1226 3520 1320 3586 illi
1356 3524 1790 3588 contrarietati
1826 3519 2038 3584 locum
2069 3516 2561 3584 destinaverunt.

365 3622 538 3689 Alias
581 3624 848 3690 aliorum
895 3623 978 3689 de
1016 3623 1237 3690 eadem
1276 3645 1348 3689 re
1388 3628 1730 3710 opiniones
1767 3624 1845 3688 cf.
1882 3619 2052 3709 apud
2081 3620 2294 3687 Zeiler
2327 3631 2393 3685 et
2424 3621 2565 3684 Kri-

362 3727 512 3792 sche
556 3725 625 3791 11.
664 3725 736 3790 ll.
2595 3713 2612 3730 ‘'

477 3827 572 3909 ὀ)
618 3830 895 3897 1o73a3
940 3824 1067 3894 ὅτι
1109 3868 1197 3880 -
1245 3832 1328 3896 13
1372 3826 1704 3916 τρόπον.
1796 3829 2076 3893 Aeterna
2123 3838 2189 3893 et
2231 3825 2564 3892 immobilis

365 3934 747 4010 substantia,
811 3954 972 4019 quae
1029 3954 1333 3998 summum
1393 3945 1491 3999 est
1547 3934 1932 4019 principium
1986 3950 2282 4008 movens,
2343 3930 2563 3998 eadem

367 4046 609 4102 exemta
651 4047 749 4101 est
785 4056 860 4100 ex
898 4039 1074 4102 omni
1113 4034 1563 4124 magnitudinis
1603 4045 1668 4099 et
1700 4035 2090 4100 extensionis
2123 4034 2415 4111 notione,
2457 4035 2565 4096 im-

366 4141 575 4204 munis
617 4161 654 4203 a
692 4137 983 4224 quolibet
1017 4138 1252 4206 affectu
1289 4148 1354 4203 et
1387 4139 1786 4205 alteratione.
1855 4138 2001 4202 Hoc
2037 4159 2227 4221 quum
2269 4136 2422 4202 dicit
2457 4134 2567 4200 de-

369 4250 780 4306 monstratum
827 4263 1003 4321 esse,-
1030 4243 1348 4309 δέδεικται
1387 4243 1461 4309 δὲ
1502 4242 1616 4306 καί
1656 4244 1765 4319 ⁸5,
1810 4261 1947 4306 non
1982 4250 2200 4327 potest
2233 4239 2433 4306 videri
2473 4258 2564 4304 re·

350 4346 619 4432 spicere
666 4343 748 4410 sd
790 4348 853 4411 6.
899 4347 1104 4412 10711»
1137 4346 1253 4412 21:
1308 4345 1403 4412 ἔτι
1459 4346 1681 4418 τοίνυν
1738 4338 1985 4418 ταύτας
2035 4344 2134 4408 δεῖ
2176 4336 2298 4419 τὰς
2340 4338 2569 4415 οὐσίας
