3043 4973
445 228 543 304 28

447 409 627 473 tione
652 408 739 473 'in
780 409 875 471 iis'
904 416 1284 493 pertractata
1329 407 1611 488 videtur,
1673 408 2081 475 Aristotelico
2121 411 2324 496 ipsius
2370 407 2653 496 discipli*

445 532 569 575 nae
609 513 869 587 nomini*
894 507 1120 598 πρώτη
1166 513 1557 601 φιλοσοφία,
1602 515 1944 597 θεολογία,
1991 515 2231 605 σοφία,
2273 513 2650 600 praetulisse

445 613 700 681 videtur
755 636 891 680 eam
950 616 1457 701 inscriptionem,
1516 639 1681 703 quae
1739 616 1951 682 locum
2008 616 2203 682 modo
2254 627 2317 683 et
2362 616 2650 682 ordinem

445 717 672 783 horum
717 717 1026 782 librorum
1072 719 1474 806 significaret,
1521 718 1605 784 τὰ
1647 715 1813 804 μετὰ
1859 715 1946 785 τὰ
1989 717 2254 809 φυσικά.

577 822 769 887 Duae
808 832 1053 887 restant
1097 827 1533 909 quaestiones,
1577 823 1660 889 de
1705 825 1936 911 quibus
1980 824 2134 911 quid
2177 823 2469 889 videatur
2510 825 2653 889 bre·

446 927 610 991 viter
657 936 753 992 est
796 925 1302 1013 significandum.
1394 929 1670 993 Primum
1730 932 1894 994 enim
1949 930 2295 1015 quaeritur,
2351 950 2500 993 num
2558 929 2653 992 bis

446 1027 627 1092 libris
683 1029 1131 1115 metaphysicis
1189 1030 1481 1095 absoluta
1541 1030 1741 1096 videri
1798 1036 2006 1119 possit
2064 1042 2129 1097 et
2172 1031 2470 1099 conclusa
2521 1032 2655 1097 Ari-

445 1130 698 1198 stotelis
757 1131 838 1197 de
894 1136 1098 1218 prima
1157 1133 1567 1221 philosophia
1614 1134 1938 1214 doctrina,
1993 1134 2226 1200 deinde
2271 1156 2419 1200 num
2463 1135 2653 1200 iidem

446 1233 593 1300 libri
643 1232 955 1301 elaborati
1000 1240 1128 1302 sint
1169 1249 1235 1303 et
1276 1259 1414 1302 eam
1447 1240 1515 1302 in
1551 1237 1815 1303 formam
1849 1238 2106 1318 redacti,
2152 1260 2274 1324 qua
2313 1254 2427 1304 eos
2464 1239 2655 1304 edere

449 1341 893 1419 constituerat,
939 1361 1020 1407 an
1067 1339 1422 1406 adumbrati
1465 1351 1709 1407 tantum
1757 1352 1825 1407 ut
1870 1363 1983 1407 eos
2026 1354 2400 1408 retractaret
2442 1353 2506 1407 et
2548 1363 2652 1407 co·

446 1444 691 1528 piosius
735 1443 986 1508 demum
1030 1443 1397 1510 elaboratos
1444 1444 1684 1513 ederet.

581 1546 668 1611 Et
720 1546 1067 1632 perfectam
1125 1548 1379 1632 quidem
1438 1548 1919 1635 absolutamque
1963 1571 2099 1613 non
2146 1570 2287 1616 esse
2332 1549 2430 1613 his
2476 1546 2656 1612 libris

446 1652 691 1734 primae
731 1649 1185 1737 philosophiae
1230 1651 1656 1739 disciplinam,
1713 1652 1820 1717 vel
1872 1675 1948 1718 ex
1991 1656 2068 1718 iis
2113 1675 2276 1740 quae
2320 1674 2511 1738 supra
2555 1673 2654 1715 ex-

446 1755 657 1838 posita
704 1763 852 1817 sunt
894 1753 1288 1842 intelligitur.
1360 1757 1593 1820 Partes
1640 1759 1806 1821 enim
1851 1755 2154 1821 habemus
2201 1767 2476 1843 quatuor
2515 1754 2656 1819 AB

447 1856 515 1921 Γ
508 1856 793 1933 ΕΖΗΘ,
834 1858 895 1935 Ι,
935 1860 1102 1943 MN,
1134 1861 1230 1936 A,
1275 1881 1428 1944 quas
1477 1859 1760 1925 eiusdem
1809 1882 1948 1925 esse
1994 1858 2364 1947 disciplinae
2407 1882 2484 1924 ex
2521 1864 2656 1944 ipsa

447 1980 658 2026 rerum
702 1970 1102 2029 tractatarum
1148 1972 1371 2026 natura
1420 1966 1781 2027 necessario
1827 1963 2213 2050 colligimus3
2262 1973 2327 2027 et
2359 1973 2489 2028 tres
2525 1966 2658 2048 qui-

449 2062 590 2128 dem
638 2067 888 2150 priores
933 2075 1147 2150 partes
1190 2065 1477 2129 voluisse
1527 2087 1600 2129 se
1644 2070 1708 2130 in
1765 2088 1956 2131 unum
2003 2088 2239 2152 corpus
2286 2069 2655 2131 coniunctas

451 2172 791 2253 esse-ipse
825 2167 1206 2233 Aristoteles
1242 2168 1625 2255 significavit
1662 2170 1932 2255 quidem,
1977 2170 2094 2234 sed
2131 2189 2266 2237 non
2306 2174 2655 2246 coniunxit3

450 2282 765 2357 quartam,
807 2293 997 2357 quam
1042 2283 1320 2337 extremo
1366 2276 1696 2357 posuimus
1742 2273 1924 2353 loeo,
1969 2295 2052 2338 ne
2098 2273 2485 2361 significavit
2525 2278 2657 2359 qui-

448 2372 592 2439 dem
653 2396 793 2440 cum
847 2374 1107 2461 reliquis
1166 2398 1307 2440 esse
1364 2375 1895 2463 coniungendam.
1984 2376 2115 2441 Sed
2174 2380 2415 2457 etiamsi
2459 2398 2657 2463 pona<-

447 2501 585 2545 mus
624 2478 975 2566 perfectum
1017 2502 1174 2558 esse,
1219 2500 1600 2566 quocunque
1633 2479 1700 2544 id
1735 2479 1877 2545 fieri
1913 2484 2198 2566 potuerit
2231 2479 2445 2561 modo,
2489 2482 2658 2546 hunc

452 2604 637 2667 quem
686 2583 1118 2651 desideramus
1151 2584 1457 2649 librorum
1494 2594 1871 2663 contextum,
1916 2587 2190 2649 insertos
2226 2587 2353 2649 suis
2390 2584 2550 2649 locis
2585 2584 2657 2648 li-

449 2685 631 2752 hrum
663 2688 712 2751 I
751 2699 815 2755 et
857 2687 1059 2752 libros
1092 2689 1182 2751 M
1218 2698 1285 2753 et
1312 2691 1397 2766 N,
1443 2688 1949 2775 conglutinatum
1994 2710 2133 2752 cum
2173 2689 2269 2752 his
2305 2688 2534 2753 librum
2565 2691 2659 2767 Λ,

450 2811 535 2854 ne
596 2794 687 2856 sic
743 2792 996 2877 quidem
1055 2789 1349 2856 absoluta
1399 2775 1603 2855 videri
1649 2794 1886 2876 poterit
1928 2793 2169 2877 primae
2210 2791 2658 2880 philosophiae

451 2892 776 2969 doctrinm
823 2894 1355 2959 desiderabuntur
1399 2897 1563 2958 enim
1606 2898 1921 2959 etiamtum
1962 2893 2406 2980 disputationis
2443 2907 2659 2983 partes

450 3017 660 3082 neque
707 3000 974 3085 exiguae
1016 3019 1227 3083 neque
1271 2995 1468 3062 leves·
1539 2998 1852 3082 Exposuit
1883 2998 2261 3062 Aristoteles
2298 2998 2382 3063 de
2415 3019 2658 3064 summo

451 3110 663 3166 motus
718 3104 1051 3187 principio
1099 3098 1439 3175 immobili3
1499 3100 1613 3164 sed
1673 3112 1747 3165 ut
1799 3100 1989 3187 plana
2041 3103 2169 3165 siut
2213 3112 2278 3166 et
2320 3105 2658 3188 perspicua

454 3207 682 3282 omnia,
728 3226 889 3289 quae
937 3204 1020 3269 de
1067 3226 1141 3269 ea
1187 3225 1261 3268 re
1294 3202 1604 3282 disseruit,
1648 3226 1772 3289 qua
1810 3202 2063 3268 tandem
2098 3208 2348 3270 ratione
2385 3227 2420 3269 a
2455 3209 2659 3291 primo

453 3308 570 3376 illo
618 3322 868 3373 motore
914 3307 1341 3374 descendatur
1397 3307 1478 3371 ad
1536 3329 1754 3372 causas
1812 3318 2170 3386 moventes,
2229 3331 2391 3395 quae
2447 3314 2662 3396 singu-

453 3410 533 3476 lis
581 3414 646 3474 in
691 3411 881 3475 rebus
919 3422 1276 3488 cernuntur,
1321 3432 1398 3474 ac
1443 3416 1785 3498 praecipue
1833 3410 1912 3475 ad
1962 3411 2027 3475 id
2076 3423 2286 3476 motus
2326 3434 2547 3499 genuS,
2591 3416 2659 3478 in

454 3534 584 3599 quo
645 3513 842 3580 cardo
900 3518 1171 3579 vertitur
1219 3517 1415 3580 totius
1461 3514 1790 3580 doctrinae
1836 3515 2307 3594 Aristotelicae,
2364 3537 2491 3601 quo
2547 3538 2663 3602 po-

456 3620 651 3684 tentia
712 3617 793 3683 ad
849 3627 1056 3682 actum
1117 3617 1547 3684 transducitur
1590 3642 1665 3682 ac
1710 3619 2062 3705 perficitur,
2121 3617 2229 3682 vel
2273 3618 2476 3683 forma
2521 3642 2660 3684 cum

454 3725 713 3790 materia
761 3720 1078 3800 coalescit,
1125 3721 1354 3786 frustra
1401 3722 1507 3786 vel
1548 3722 1869 3786 levissimo
1913 3723 2190 3808 vestigio
2237 3722 2661 3809 significatum

456 3847 739 3911 quaeras.
808 3826 1048 3892 Mentis
1093 3823 1346 3892 divinae
1388 3836 1674 3890 naturam
1715 3825 2035 3890 luculente
2073 3836 2139 3890 et
2169 3825 2526 3891 sublimiter
2562 3849 2660 3891 ex·

455 3927 703 4016 plicuit;
752 3951 893 3996 esse
937 3928 1107 3994 illam
1150 3951 1451 4000 summam
1490 3932 1819 4012 ἐνέργειαν
1857 3930 1938 3993 ab
1978 3931 2152 3993 omni
2190 3933 2518 4015 potentiae
2555 3930 2663 3995 ad-

456 4036 753 4100 mistione
793 4036 1146 4111 immunem‚
1191 4055 1496 4099 summum
1542 4035 1607 4096 τί
1651 4023 1736 4112 ἦν
1781 4028 1948 4097 εἶναι
1994 4055 2030 4097 a
2071 4031 2358 4098 sensibili
2402 4035 2663 4098 materia

457 4139 803 4224 integrum;
857 4136 971 4204 sed
1010 4160 1179 4223 >quae
1225 4140 1390 4202 inter
1433 4137 1600 4200 hanc
1643 4139 1969 4221 ἐνέργειαν
2016 4148 2078 4201 et
2121 4136 2405 4224 singulas
2449 4137 2665 4223 siugu-

452 4239 661 4310 larum
704 4263 910 4307 rerum
955 4242 1304 4326 ἐνεργείας,
1361 4239 1467 4305 vel
1518 4245 1686 4305 inter
1728 4241 1854 4305 hoc
1897 4242 1960 4305 τί
2003 4230 2088 4319 ἦν
2133 4235 2302 4306 εἶναι
2345 4251 2411 4305 et
2451 4262 2663 4306 rerum

458 4343 563 4409 vel
621 4353 1021 4412 aeternarum
1077 4345 1181 4412 vel
1238 4348 1688 4412 intereuntium
1733 4338 1820 4410 τὰ
1862 4346 1926 4410 τί
1969 4334 2056 4424 ἦν
2100 4341 2269 4411 εἶναι
2309 4344 2667 4411 intercedat
