3043 4973
1144 249 1217 321 B
1263 244 1333 319 2.
1408 245 1637 347 9965.
1890 290 1897 295 -
2356 247 2494 323 139

288 426 431 510 quia
477 424 547 488 in
592 420 890 490 omnibus
934 421 1031 488 his
1072 417 1415 510 ἀπορίαις,
1470 443 1633 507 quae
1675 424 1960 508 proxime
2005 420 2110 488 vel
2153 443 2346 508 supra
2389 423 2497 494 vel

290 528 450 591 infra
513 537 955 605 recensentur,
1013 525 1200 591 unice
1242 548 1483 604 rerum,
1540 547 1675 592 non
1733 524 2096 611 disputandi
2145 535 2212 590 et
2255 549 2499 614 cogno-

289 629 512 698 scendi
555 633 866 716 principia
912 629 1306 698 adhibentur.
1380 631 1510 694 Iam
1557 632 1609 694 si
1653 631 2130 708 meminerimus,
2173 622 2294 708 τὴν
2324 625 2497 696 κατὰ

290 730 407 800 τὸν
460 729 666 816 λόγον
709 731 942 799 οὐσίαν
986 753 1180 817 saepe
1222 732 1533 820 appellari
1571 732 2044 798 substantialem
2082 735 2179 798 rei
2215 733 2497 812 formam,

291 838 358 902 E
387 840 443 900 l.
486 838 692 902 102&
716 838 822 902 27.
882 837 945 902 Ζ
973 838 1075 902 10.
1120 838 1318 902 10361»
1346 838 1446 914 13,
1480 839 1582 902 15.
1646 839 1748 903 ll.
1794 838 2000 901 1037·
2038 838 2133 913 17,
2177 846 2243 902 et
2284 829 2367 902 τὰ
2412 833 2499 912 ὡς

293 935 492 1022 λόγος
547 936 728 1004 αἴτια
786 938 912 1003 dici
964 941 1274 1024 principia
1333 939 1652 1018 formalia,
1707 940 1782 1006 Λ
1825 941 1888 1004 3.
1949 940 2155 1004 lewa
2191 941 2307 1015 22,
2363 957 2498 1006 non

294 1042 721 1110 dubitabimus
778 1047 849 1106 αἱ
907 1046 977 1106 ὲν
1033 1052 1172 1117 τοῖς
1229 1037 1452 1124 λόγοις
1502 1039 1705 1127 ἀρχαί
1750 1044 2148 1127 interpretari
2191 1045 2499 1134 principia

295 1145 602 1223 formalia,
646 1145 877 1231 quibus
922 1156 1335 1229 opponantur
1380 1149 1451 1209 αἱ
1496 1150 1568 1210 ἐν
1605 1146 1701 1227 τῷ
1738 1142 2148 1228 menesatem,
2191 1148 2500 1231 principia

294 1248 662 1314 materialia.
752 1250 895 1313 Nec
938 1269 1093 1311 vero
1140 1269 1309 1334 opus
1356 1259 1478 1326 est,
1535 1247 1708 1333 quod
1754 1247 2100 1316 voluerunt
2142 1248 2502 1316 Alexander

297 1364 360 1416 et
402 1353 745 1437 SyrianuS,
778 1350 1159 1414 dormalium
1205 1354 1659 1437 principiorum
1705 1354 1829 1415 vim
1875 1355 1959 1416 ita
2010 1350 2381 1431 extendere,
2431 1365 2503 1418 ut

296 1455 527 1520 eodem
587 1456 844 1518 nomine
904 1454 1089 1518 etiam
1147 1452 1363 1520 finalia
1418 1466 1483 1519 et
1525 1457 1844 1520 moventia
1891 1460 2367 1534 contineantur,
2420 1455 2500 1519 cf.

297 1558 474 1624 Alex.
522 1582 585 1643 p.
619 1558 769 1633 134,
811 1557 927 1631 293
984 1555 1239 1624 videtur*
1289 1559 1506 1643 potius
1551 1577 1686 1624 non
1731 1560 1943 1624 omnia
1988 1559 2090 1626 hic
2134 1579 2502 1624 enumerare

297 1660 682 1728 Aristoteles
728 1680 1055 1724 causarum
1098 1679 1353 1747 genera,
1397 1659 1513 1726 sed
1552 1663 1952 1745 acquiescere
1985 1664 2049 1726 in
2086 1660 2502 1749 significanda

299 1787 369 1829 ea
416 1767 875 1851 principiorum
922 1767 1366 1849 oppositione,
1422 1781 1584 1849 quae
1639 1767 2008 1849 saepissime
2064 1768 2133 1832 in
2185 1769 2501 1853 quaestio-

296 1891 440 1934 nem
488 1869 660 1934 cadit
707 1878 772 1931 et
814 1866 1115 1934 latissime
1159 1877 1353 1951 patet.

427 1974 597 2040 9961:
634 1975 676 2038 5
723 1992 857 2055 sqq.
933 1969 1039 2035 cf.
1066 1969 1279 2055 Phys.
1316 1970 1409 2036 111
1452 1972 1518 2034 4.
1562 1971 1718 2034 Met.
1764 1971 1837 2036 A
1868 1972 1928 2035 5.
1967 1974 2125 2038 6.‹8.
2169 1977 2231 2040 9.
2279 2010 2362 2026 —-
2411 1976 2502 2039 ιθ

236 2133 241 2138 .
296 2078 591 2157 ἔλεγεν.
681 2074 787 2138 De
831 2093 1097 2142 numero
1142 2073 1448 2161 singulari
1500 2074 1711 2152 verbi,
1771 2078 1880 2159 qui
1935 2065 2207 2144 refertur
2263 2077 2348 2142 ad
2389 2099 2505 2144 no·

297 2201 438 2244 men
484 2180 840 2265 proximum
886 2173 1208 2252 Πλάτων,
1255 2198 1391 2244 nou
1435 2176 1515 2242 ad
1559 2180 1867 2244 remotius
1912 2182 1975 2244 οἱ
2021 2177 2504 2268 Πυθαγόρειοι,

299 2283 376 2348 cf.
424 2283 684 2369 Kriiger
727 2303 822 2368 gr.
863 2280 977 2347 Gr.
1022 2279 1083 2365 ᾖ.
1110 2281 1215 2358 63,
1257 2281 1319 2344 4.

1202 2519 1432 2594 CAP.
1502 2521 1601 2594 11.

775 2678 1092 2757 &aesna
1128 2681 1367 2765 prima.
1460 2680 1629 2745 9961:
1671 2678 1755 2743 18
1780 2645 1860 2729 -ἶ
1882 2679 2029 2749 b25.

430 2800 709 2863 Primum
742 2797 1119 2865 Aristoteles
1161 2818 1310 2863 num
1357 2799 1441 2860 sit
1482 2800 1670 2863 unius
1716 2801 2018 2863 scientiae
2056 2816 2259 2865 necne
2295 2804 2506 2867 omnia

303 2925 631 2969 causarum
676 2923 912 2988 genera
960 2899 1376 2986 contemplari
1420 2899 1720 2986 disputat.
1801 2903 1897 2967 Ac
1939 2906 2207 2988 primum
2253 2905 2507 2989 quidem

304 3029 439 3073 non
500 3028 644 3070 esse
690 3009 873 3073 unius
921 3007 1224 3073 scientiae
1268 3002 1514 3071 duabus
1559 3005 1914 3075 rationibus
1960 3005 2238 3091 probare
2277 3008 2507 3086 studet,

302 3113 471 3177 99622
510 3111 809 3177 18—01.
890 3111 1171 3177 Scientia
1215 3130 1340 3174 una
1389 3107 1732 3192 eademque
1779 3130 1910 3173 non
1957 3121 2055 3175 est
2093 3113 2218 3177 nisi
2264 3122 2509 3177 contra-

303 3216 581 3287 riorum;
624 3214 796 3297 atqui
845 3235 1071 3279 causae
1106 3234 1240 3281 non
1275 3215 1623 3277 sunt⁰inter
1657 3233 1728 3275 se
1761 3216 2119 3279 contrariae
2154 3207 2285 3295 (μὴ
2320 3218 2509 3281 ἐναν-

303 3318 451 3392 τίας
497 3311 702 3390 οὔσας
736 3318 945 3398 α20);
1002 3336 1164 3403 ergo
1223 3335 1356 3381 non
1414 3315 1638 3379 eadem
1695 3326 1793 3379 est
1847 3318 2127 3381 omnium
2181 3338 2508 3383 causarum

304 3422 590 3487 scientia.
670 3418 935 3485 Accedit
976 3418 1150 3504 quod
1192 3439 1325 3481 non
1370 3439 1591 3483 omnes
1627 3419 1920 3485 omnibus
1958 3422 2028 3483 in,
2060 3419 2250 3487 rebus
2277 3443 2510 3487 causae
2543 3496 2546 3499 ,

304 3525 736 3599 inveniuntur,
781 3522 953 3589 unde
997 3526 1148 3589 item
1196 3522 1497 3601 efficitur,
1545 3533 1617 3587 ut
1657 3508 1812 3587 non*
1837 3522 2057 3589 eadem
2103 3528 2185 3591 sit
2230 3528 2510 3591 omnium

307 3648 638 3691 causarum
683 3629 965 3691 scientia.
1055 3628 1215 3693 Esse
1259 3637 1498 3706 autem,
1549 3629 1619 3690 in
1664 3627 1891 3712 quibus
1938 3650 2070 3695 non
2113 3633 2322 3695 omnia
2370 3652 2513 3695 cau-

306 3751 517 3796 sarum
563 3751 801 3817 genera
837 3732 1254 3806 inveniantur,
1296 3727 1645 3795 immobilia
1683 3729 2068 3797 documento
2105 3744 2269 3810 sunt,
2311 3732 2513 3801 veluti

306 3854 411 3901 res
458 3835 933 3901 mathematicae
980 3833 1099 3912 (cf.
1138 3833 1207 3896 E
1235 3836 1289 3897 l.
1334 3834 1543 3897 102&
1583 3834 1733 3912 14)ξ
1780 3835 1845 3899 in
1891 3834 1990 3899 his
2033 3839 2200 3903 enim
2239 3854 2378 3901 nom
2421 3840 2514 3905 in-

310 3959 455 4003 esse
518 3959 768 4003 cansam
825 3941 1155 4004 moti-icem
1213 3957 1288 4000 ex
1343 3938 1482 4019 ipsa
1541 3954 1759 4003 eorum
1806 3941 2075 4002 notione
2117 3940 2513 4005 manifestum

314 4051 435 4114 est3
497 4039 614 4103 sed
672 4061 793 4104 nec
847 4041 1103 4105 finalem
1160 4061 1409 4105 causam
1467 4041 1533 4101 in
1593 4043 1669 4103 iis
1721 4043 1934 4107 inesse
1975 4044 2058 4106 ita
2108 4042 2513 4129 demonstrat,

313 4154 384 4207 ut
440 4147 509 4209 in
569 4147 839 4207 notione
894 4143 1105 4211 finalis
1151 4162 1378 4211 causae
1421 4142 1620 4208 latere
1666 4143 1835 4209 dicat
1877 4148 2332 4232 cogitationem
2380 4149 2513 4211 eins

312 4249 602 4325 actionis,
647 4268 809 4331 quae
852 4246 1044 4313 finem
1080 4250 1481 4331 propositum
1519 4246 1770 4321 babeat.
1801 4286 1880 4301 --
1927 4249 2339 4314 Dialecticam
2375 4270 2512 4314 esse

313 4359 644 4435 utramque
686 4352 1328 4437 argumentationem,
1371 4347 1440 4429 ἐξ
1482 4348 1765 4432 ἐνδόξων
1807 4374 1943 4419 non
1985 4349 2055 4430 ἐξ
2101 4349 2399 4432 ἀληθῶν,
2445 4355 2512 4414 iu
