3043 4973
491 242 645 317 506
1309 244 1389 314 Α
1438 240 1508 314 8.
1593 239 1778 314 1073
1798 240 1861 312 ὁ.

491 417 942 481 mathematicis
980 410 1424 493 (οἰκειοτάτης
1459 415 1931 505 φιλοσοφίᾳ
1965 416 2036 478 in
2063 422 2243 479 textu
2270 415 2510 499 scripsi,
2550 411 2699 476 Ale-

490 519 798 584 xandrum
852 531 917 584 et
963 520 1377 583 Themistium
1429 529 1711 598 secutuS,
1768 540 1889 605 pro
1948 517 2206 604 vulgata
2264 516 2569 581 librorum
2629 524 2700 579 et

492 625 870 707 scriptorum
917 633 983 687 et
1025 621 1340 687 editorum
1386 620 1663 686 lectione
1709 616 2112 698 οἰκειοτάτης
2155 617 2696 708 φιλοσοφίας,»1ἰ-

494 735 595 789 cet
651 728 817 789 enim
867 728 1272 815 φιλοσοφίας
1316 746 1552 789 nomen
1591 725 1779 789 facile
1822 728 1909 789 ita
1955 727 2239 810 potuerit
2284 721 2564 799 extendi,
2624 731 2700 785 ut

493 832 786 894 universe
814 830 1166 895 doctrinam
1196 850 1270 891 ac
1297 830 1623 892 scientiam
1649 828 1985 915 significet,
2017 828 2095 892 cf.
2122 827 2203 892 ad
2225 826 2297 890 A
2315 827 2379 891 3.
2404 826 2565 889 983⁶
2589 824 2698 902 21,

493 942 703 997 tamen
744 954 938 1019 aegre
985 934 1063 997 ad
1112 931 1485 996 adiectivum
1529 929 1929 1010 οἰκειοτάτης
1967 930 2292 996 desideres
2333 926 2701 1016 significari,

495 1038 622 1100 cui
679 1035 1010 1100 doctrinae
1064 1038 1326 1099 maxime
1383 1038 1466 1099 sit
1519 1044 1788 1121 cognata
1805 1040 1851 1114 >.
1942 1034 2156 1119 Quum
2203 1035 2370 1096 enim
2413 1030 2701 1115 reliquae
2805 1056 2816 1067 ·

426 1206 433 1211 ,
496 1137 824 1203 doctrinae
854 1140 1352 1205 ,mathematicae
1411 1147 1652 1201 tantum
1706 1158 1841 1202 non
1886 1158 2108 1202 omnes
2154 1139 2221 1199 in
2268 1132 2702 1220 contemplan-

497 1241 593 1306 dis
637 1246 822 1306 meris
867 1242 1087 1307 formis
1128 1243 1533 1318 extensioniS,
1579 1240 1909 1306 abstractis
1953 1239 2079 1305 illis
2126 1239 2382 1325 quidem
2426 1260 2462 1301 a
2506 1235 2700 1300 rebus

496 1344 919 1424 sensibilibuS,
965 1367 1172 1430 neque
1217 1365 1374 1408 vero
1420 1348 1589 1408 circa
1632 1347 1802 1430 ipsas
1846 1366 1949 1408 res
1994 1341 2329 1408 sensibiles
2362 1349 2703 1405 versentur

498 1449 616 1528 (cf.
638 1451 725 1512 M
740 1451 801 1513 2.
825 1450 925 1527 3),
955 1451 1381 1512 astronomiae
1411 1446 1800 1512 substantiae
1830 1446 2168 1513 sensibiles
2200 1454 2266 1510 et
2294 1453 2592 1509 aeternae
2620 1445 2703 1512 siv

498 1551 714 1616 derum
748 1552 828 1617 ad
857 1551 1313 1637 speculandum
1343 1553 1721 1636 propositae
1750 1559 1915 1629 sunt,
1947 1551 2026 1617 cf.
2052 1550 2245 1634 Phys.
2269 1549 2328 1612 11
2357 1549 2419 1613 2.
2454 1549 2618 1612 194a
2640 1548 2700 1611 7.

497 1657 700 1719 Huius
753 1658 951 1741 igitur
995 1655 1325 1720 doctrinae
1370 1676 1561 1738 quum
1606 1655 1880 1718 advocat
1924 1652 2238 1729 auxilium,
2284 1671 2397 1715 eos
2443 1652 2703 1735 respicit

499 1769 919 1835 astronomoS,
958 1761 1068 1844 qui
1105 1756 1214 1821 illa
1252 1765 1458 1820 aetate
1495 1757 1823 1821 doctrinae
1853 1756 2044 1822 laude
2076 1759 2336 1819 maxime
2366 1753 2702 1828 florebant,

498 1861 831 1926 Eudoxum
879 1860 1179 1927 Cnidium
1228 1859 1344 1937 (cf.
1391 1859 1638 1924 Fabric.
1684 1859 1854 1925 Bibl.
1898 1859 2015 1924 Gr.
2060 1860 2174 1923 IV.
2218 1880 2282 1943 p.
2318 1859 2421 1922 lo.
2478 1855 2703 1933 Ideler,

499 1955 662 2029 iiber
691 1963 1012 2042 Eudoxus,
1059 1965 1218 2028 Abb.
1251 1963 1312 2027 d.
1344 1962 1516 2027 Berl.
1554 1963 1673 2028 Ak.
1717 1964 1891 2030 1828
1922 1972 1987 2026 et
2018 1962 2231 2040 1830)
2279 1964 2540 2046 eiusque
2580 1960 2703 2024 dis·

501 2067 778 2153 cipulum
814 2069 934 2149 (cf.
967 2067 1187 2154 simpl.
1219 2066 1432 2131 Schol.
1467 2091 1529 2152 p.
1554 2069 1714 2132 498⁶
1736 2069 1863 2146 28)
1898 2063 2264 2151 Callippum
2294 2062 2704 2149 Cyzicenum,

503 2170 617 2234 sed
663 2192 882 2235 eorum
928 2171 1177 2256 placitis
1219 2174 1306 2234 ita
1351 2175 1562 2247 utitur,
1608 2180 1681 2233 ut
1723 2173 1863 2254 ipse
1907 2167 2202 2233 nonnihil
2246 2167 2328 2231 ad
2375 2189 2450 2231 ea
2497 2188 2704 2230 emen-

505 2272 714 2338 danda
774 2284 838 2337 et
892 2271 1251 2357 supplenda
1305 2272 1575 2336 adiiciat.
1666 2274 1843 2336 Haec
1899 2283 2110 2335 tamen
2169 2273 2381 2334 omnia
2437 2291 2520 2333 ne
2564 2271 2705 2354 quis

507 2385 678 2440 certa
726 2387 790 2441 et
831 2368 1188 2441 necessaria
1235 2397 1374 2439 esse
1421 2379 1740 2461 opinetur,
1785 2386 1851 2439 et
1894 2397 1929 2439 a
1967 2375 2281 2461 principio
2324 2376 2458 2437 eius
2494 2371 2706 2458 dispu-

509 2482 767 2545 tationis
799 2491 996 2558 cavet,
1031 2481 1232 2545 10731»
1260 2482 1440 2545 13-
1459 2482 1561 2557 17,
1594 2491 1658 2545 et
1683 2481 1978 2565 exposito
2008 2477 2411 2563 sphaerarum
2442 2497 2705 2542 numero

507 2587 732 2649 iterum
777 2584 1052 2649 lectores
1097 2595 1341 2660 monet,
1403 2584 1613 2660 lona
1651 2587 1764 2662 16,
1821 2602 2030 2667 neque
2077 2580 2341 2645 eandem
2393 2583 2519 2644 vim
2564 2581 2709 2644 huic

507 2687 728 2751 tribuit
783 2688 863 2751 de
918 2709 1184 2752 numero
1231 2688 1634 2774 sphaerarum
1682 2681 2095 2771 expdsitioni,
2156 2693 2345 2768 atque
2389 2683 2484 2762 illi
2527 2706 2710 2771 argu-

508 2793 909 2868 mentationi,
969 2814 1090 2875 qua
1148 2812 1287 2855 esse
1345 2793 1608 2854 omnino
1653 2792 2031 2877 principium
2078 2790 2341 2851 mo'vens
2384 2788 2710 2852 immobile

511 2892 988 2957 demonstravit.
1077 2896 1384 2957 Nimirum
1444 2893 1526 2957 de
1585 2894 1945 2956 exsistentia
2004 2912 2080 2954 ac
2128 2895 2504 2956 necessitate
2550 2894 2713 2956 eius·
2755 2937 2764 2944 -

511 2995 687 3059 modi
745 2999 1039 3081 principii
1092 3017 1343 3060 omnem
1391 3006 1653 3080 oportet
1697 2994 2158 3059 dubitationem
2207 3005 2508 3059 exemtam
2551 3016 2711 3072 esse,

512 3101 567 3162 si
619 3102 758 3183 quis
801 3120 1010 3164 rerum
1058 3109 1343 3164 naturam
1392 3109 1457 3162 et
1499 3101 1997 3186 generationem,
2047 3101 2153 3183 qui
2198 3102 2409 3183 possit
2453 3101 2710 3163 omnino

511 3201 673 3279 fieri,
716 3202 1078 3290 intelligere
1108 3202 1411 3277 voluerit3
1460 3202 1541 3266 de
1576 3223 1841 3266 numero
1874 3210 2081 3265 autem
2114 3211 2514 3267 aeternorum
2544 3205 2712 3287 prin·

514 3308 819 3390 cipiorum
875 3309 1263 3370 moventium
1323 3305 1613 3370 dubitare
1662 3304 1904 3383 licebit,
1963 3304 2158 3369 modo
2207 3313 2483 3382 constet,
2540 3303 2712 3368 unde

515 3408 699 3473 huius
743 3412 988 3473 numeri
1034 3411 1317 3495 cognitio
1364 3408 1643 3494 petenda
1689 3412 1788 3472 sit.
1870 3409 2173 3493 Disputat
2218 3407 2299 3471 de
2345 3428 2419 3471 ea
2463 3429 2536 3470 re
2579 3418 2713 3470 tan-

514 3520 649 3575 tum
695 3512 952 3585 ἐννοίας
987 3506 1184 3595 χάριν
1224 3512 1369 3589 ὁ12,
1421 3522 1493 3575 ut
1537 3510 1931 3596 aliquatenus
1975 3520 2149 3574 certe
2192 3512 2524 3596 imaginari
2565 3530 2714 3595 pos-

514 3615 725 3689 simuS,
771 3623 929 3697 quot
972 3616 1099 3676 sint
1143 3631 1408 3677 numero
1443 3614 1766 3699 sphaerae,
1810 3622 1969 3698 quot
1997 3608 2390 3677 'substantiae
2420 3623 2717 3677 aeternae

518 3714 901 3794 immobiles,
958 3737 1220 3801 eamque
1276 3738 1411 3780 rem
1471 3727 1536 3780 et
1590 3716 1859 3781 aliorum
1912 3737 2075 3802 quos
2131 3713 2428 3779 consulat
2484 3714 2715 3779 auxilio

520 3829 586 3882 et
627 3840 737 3883 sua
781 3822 977 3903 ipsius
1020 3820 1461 3905 disquisitione
1506 3819 1774 3906 amplius
1821 3819 1973 3885 dicit
2010 3819 2516 3905 investigandam
2558 3838 2719 3882 esse.

520 3925 685 4001 (⁶16
730 3923 946 4011 φιλεῖν
990 3924 1110 4007 μὲν
1155 3919 1588 4012 ἀμφοτέρους,
1632 3924 2010 3988 πείθεσθαι
2036 3921 2121 3985 δὲ
2166 3931 2305 3996 τοῖς
2345 3918 2720 4006 ἀκριβεστέ-

520 4047 701 4109 ροιςν
723 4026 799 4089 cf.
847 4027 990 4090 Etb.
1035 4028 1116 4091 N.
1161 4028 1190 4091 1
1233 4029 1293 4092 4.
1340 4029 1550 4092 10964
1589 4029 1701 4091 16:
1757 4023 2014 4115 ἀμφοῖν
2058 4018 2186 4108 γὰρ
2232 4018 2453 4090 ὄντοιν
2495 4025 2724 4112 φίλοιν

523 4123 712 4193 ὅσιον
757 4130 1087 4214 προτιμᾶν
1129 4125 1252 4209 τὴν
1294 4126 1689 4210 ἀλήθειαν.)
1768 4130 1989 4214 ltaque
2034 4148 2226 4212 quum
2272 4126 2482 4191 obiter
2524 4124 2722 4192 modo

521 4232 689 4297 hanc
719 4252 851 4295 rem
885 4231 1261 4297 Aristoteles
1293 4234 1696 4320 perstringat,
1730 4242 1803 4297 ut
1830 4251 1994 4317 quae
2021 4228 2553 4315 probabilitatem,
2586 4249 2723 4294 non
2807 4285 2816 4296 ,

522 4338 804 4401 veritatis
847 4338 1284 4400 necessitatem
1329 4344 1726 4419 assequatur,
1755 4336 1935 4410 satis
1987 4331 2361 4399 habebimus
2404 4335 2542 4419 ipsa
2587 4332 2728 4398 Ari-
