3043 4973
493 201 639 275 316
1323 204 1398 271 Ζ
1439 200 1510 273 6.
1594 198 1860 273 1031α.

631 371 839 450 103Ιᾶ
875 379 962 443 19
1006 378 1137 442 ἐπὶ
1174 415 1262 427 -
1298 377 1388 442 28
1432 371 1540 442 οὔ.
1616 379 1845 442 Utrum
1888 374 2057 441 idem
2093 379 2176 441 sit
2210 397 2313 441 res
2353 384 2417 442 et
2452 378 2589 440 eius
2623 369 2705 441 τὰ

494 503 607 560 τηε
654 503 960 567 quaerere
1004 503 1263 547 exorsus
1307 485 1372 546 in
1418 481 1609 546 rebus
1656 480 2152 546 accidentalibus
2196 484 2346 568 (qui
2381 481 2517 545 fere
2561 501 2704 545 mos

497 595 595 649 est
640 585 1001 651 Aristotelis
1046 588 1113 650 in
1159 586 1287 650 hoc
1330 584 1701 671 disputandi
1744 606 2013 673 genere,
2059 584 2139 650 cf.
2184 586 2254 650 E
2287 588 2348 651 2.
2396 585 2598 649 10261»
2636 585 2702 649 3.

497 691 550 754 Δ
592 691 652 768 6,
697 693 751 766 7,
794 694 855 755 9.
901 689 1049 768 al.)‚
1106 690 1271 754 hanc
1315 692 1513 775 ipsam
1573 692 2007 774 quaestionem
2067 688 2320 766 dividit;
2378 690 2706 775 quaeritur

500 794 666 857 enim
713 795 977 877 primum
1023 815 1172 858 num
1217 815 1319 857 res
1356 815 1496 858 cum
1537 792 1862 858 accidente
1899 792 2115 880 aliquo
2156 795 2494 858 coniuncta
2532 792 2706 858 idem

499 900 584 961 sit
627 907 816 982 atque
860 891 940 962 τὸ
984 919 1100 976 τηε
1146 896 1458 974 eiusdem,
1511 892 1795 983 πότερον
1849 892 2076 974 λευκὸς
2131 891 2499 982 ἄνθρωπος
2543 893 2708 961 ταύ-

499 996 620 1065 τὸν
676 1002 791 1065 καὶ
845 1001 1050 1084 λευκῷ
1105 996 1447 1086 ἀνθρώπῳ
1504 997 1672 1065 εἶναι
1718 1004 2084 1081 als—25,
2145 999 2378 1066 deinde
2435 1021 2584 1065 num
2627 993 2708 1064 τὰ

499 1127 615 1183 τηε
672 1107 859 1169 unius
919 1103 1262 1169 accidentis
1318 1104 1485 1168 idem
1534 1107 1616 1167 sit
1658 1126 1734 1169 ac
1775 1100 1853 1170 τὸ
1897 1129 2010 1185 τηε
2056 1104 2343 1184 alterius,
2404 1103 2577 1191 quod
2623 1106 2711 1168 ei-

502 1208 648 1273 dem
706 1212 798 1273 rei
855 1209 1166 1286 inhaeret,
1221 1208 1598 1285 accidentis,
1655 1208 1856 1274 veluti
1912 1205 1990 1275 τὸ
2048 1210 2252 1292 λευκῷ
2308 1203 2475 1274 εἶναι
2519 1218 2585 1272 et
2626 1201 2708 1272 τὰ

501 1315 791 1397 μουσικῷ
835 1305 1001 1377 εἶναι
1041 1314 1396 1377 α25-28.
1488 1313 1575 1376 Et
1615 1310 1774 1378 illud
1822 1313 2101 1400 quidem,
2161 1331 2296 1376 non
2332 1333 2495 1398 „esse
2538 1310 2710 1376 idem

503 1409 732 1481 λευκὸν
789 1409 1158 1503 ἄνθρωπον
1215 1425 1281 1480 et
1338 1412 1414 1480 τὸ
1453 1416 1675 1499 χλευκῷ
1716 1412 2058 1506 ἀνθρώπῳ
2102 1412 2298 1494 εἶναι,
2357 1418 2713 1504 apagogice

503 1522 674 1586 hunc
716 1524 782 1586 in
825 1519 1083 1585 modum
1123 1519 1516 1606 comprobat.
1593 1522 1725 1584 Fac
1767 1521 1933 1586 idem
1983 1541 2123 1586 esse
2167 1515 2395 1585 λευκὸν
2438 1513 2713 1606 ἄνθρω-

501 1647 633 1691 πον
690 1636 757 1690 et
819 1619 897 1689 τὸ
957 1626 1159 1707 λευκῷ
1219 1620 1562 1708 ἀνθρώπῳ
1622 1618 1818 1703 εἶναι,
1878 1628 2051 1711 atqui
2106 1624 2273 1689 idem
2322 1645 2462 1688 esse
2507 1623 2711 1711 vulgo

505 1727 633 1809 (ὡς
675 1730 887 1818 φασίν
927 1730 1102 1809 α23)
1162 1728 1477 1792 iudicatur
1534 1722 1898 1812 ἄνθρωπος
1956 1739 2019 1793 et
2062 1722 2428 1814 ἄνθρωπος
2471 1723 2713 1806 λευκός,

509 1845 574 1898 et
618 1833 836 1920 (quod
882 1835 1275 1921 cogitatione
1318 1831 1506 1895 facile
1552 1830 1748 1896 addas
1785 1831 1868 1896 ad
1904 1831 2101 1896 verba
2134 1831 2509 1909 AristoteliS,
2555 1853 2715 1918 quo-

505 1941 673 2002 niam
722 1938 802 2003 de
846 1937 1213 2002 substantiis
1257 1940 1621 2001 necessario
1671 1935 2076 2000 asserendum
2126 1947 2222 2000 est
2264 1936 2330 2000 id
2374 1936 2552 2023 quod
2596 1958 2715 2023 po-

506 2045 680 2106 nitur
721 2046 790 2106 in
833 2039 1301 2120 accidentibus)
1348 2039 1513 2104 idem
1563 2049 1660 2105 est
1702 2034 2066 2123 ἄνθρωπος
2118 2051 2181 2105 et
2236 2034 2314 2105 τὸ
2370 2038 2715 2129 ἀνθρώπῳ

507 2140 699 2210 εἷναιι
746 2167 903 2234 ergo
951 2165 1347 2228 consequens
1393 2148 1515 2208 erit
1558 2139 1800 2224 (ὥστε
1836 2145 2008 2222 «23)
2046 2154 2118 2209 ut
2153 2144 2320 2209 idem
2356 2148 2440 2210 sit
2474 2139 2551 2209 τὸ
2592 2143 2715 2210 ἀν-

508 2244 764 2334 θρώπῳ
808 2245 977 2314 εἶναι
1022 2258 1085 2313 et
1127 2242 1203 2312 τὸ
1242 2248 1446 2330 λευκῷ
1482 2243 2043 2334 ἀνθρώπῳ-εἶναι.
2114 2248 2315 2334 Quod
2355 2271 2543 2335 quum
2586 2271 2715 2314 ma-

508 2353 744 2417 nifesto
791 2349 1129 2415 absurdum
1174 2353 1281 2430 sit,
1338 2373 1474 2415 eam
1525 2355 1710 2416 etiam
1754 2355 2259 2439 propositionem
2306 2353 2525 2418 falsam
2572 2376 2716 2420 esse

510 2467 796 2545 apparet,
847 2477 923 2521 ex
970 2478 1089 2543 qua
1137 2454 1264 2519 hoc
1309 2468 1444 2521 erat
1488 2454 1875 2522 conclusum.
1966 2458 2051 2522 Et
2092 2458 2535 2547 syllogismum
2582 2461 2716 2547 qui-

512 2562 673 2641 dem,
717 2584 901 2649 quem
937 2559 1320 2648 significavit
1349 2564 1547 2649 magis
1579 2584 1761 2646 quam
1796 2561 2095 2648 explicuit
2125 2563 2520 2642 Aristoteles,
2559 2586 2714 2628 cave

511 2689 589 2731 ex
632 2676 858 2733 natura
895 2668 1120 2730 tertiae
1155 2663 1674 2752 syllogismorum
1711 2665 1958 2753 figurae
1993 2665 2315 2747 diiudices‚
2363 2667 2534 2755 quod
2567 2667 2718 2734 Ale-

510 2770 752 2835 xander
795 2769 1050 2834 videtur
1092 2768 1375 2834 voluisse
1417 2793 1481 2855 p.
1515 2771 1662 2848 447,
1710 2773 1824 2847 1⁰3
1883 2792 2071 2857 quum
2130 2774 2294 2836 enim
2337 2776 2404 2837 in
2449 2771 2717 2861 singulis

512 2872 1060 2961 propositionibus
1094 2896 1282 2960 supra
1313 2877 1541 2959 positis
1570 2895 1704 2938 non
1734 2874 2137 2939 subsumetur
2164 2876 2511 2942 subiectum
2539 2900 2718 2963 prae-

515 2978 745 3057 dicato,
788 2977 904 3042 sed
948 2977 1150 3043 idem
1197 2987 1529 3064 utrumque
1575 3001 1713 3043 esse
1750 2989 2044 3065 ponatur,
2089 3002 2202 3065 per
2234 2985 2717 3047 conversionem

514 3083 860 3169 simplicem
918 3081 1127 3170 redigi
1182 3093 1455 3169 possunt
1510 3082 1592 3147 ad
1644 3087 1906 3170 primam
1950 3084 2236 3172 figuram.
2330 3084 2466 3152 Cur
2507 3096 2718 3150 autem

512 3209 649 3253 non
692 3186 883 3251 liceat
928 3191 1085 3275 poni
1129 3186 1297 3252 idem
1344 3209 1483 3252 esse
1527 3191 1594 3252 in
1640 3189 1766 3253 hoc
1793 3211 2003 3255 rerum
2034 3210 2274 3277 genere
2307 3212 2440 3255 rem
2479 3201 2547 3254 et
2583 3193 2717 3255 eius

514 3285 592 3356 τὸ
636 3314 766 3371 τηε,
812 3291 908 3357 his
955 3290 1272 3380 significat
1314 3291 1526 3356 verbis
1568 3294 1732 3357 1125:
1777 3290 1857 3359 οὐ
1897 3290 2025 3381 γὰρ
2072 3291 2377 3370 ὡσαύτως
2402 3292 2503 3357 τὰ
2547 3289 2718 3382 ἄκρα

514 3398 810 3479 γίγνεται
850 3391 1084 3473 ταύτά,
1128 3395 1186 3460 h.
1222 3417 1276 3460 e.
1321 3417 1457 3461 non
1504 3395 1731 3461 eodem
1774 3397 1970 3464 modo
2015 3420 2226 3485 neque
2274 3397 2492 3463 eadem
2537 3401 2602 3463 vi
2646 3421 2721 3463 ac

516 3509 834 3585 potestate
880 3502 1127 3565 termini
1173 3500 1533 3587 syllogismi
1579 3499 1738 3565 alter
1782 3524 1921 3567 cum
1966 3503 2168 3568 altero
2213 3502 2383 3567 idem
2429 3524 2568 3568 esse
2603 3525 2720 3589 po·

517 3613 773 3668 nontur.
864 3604 1008 3667 Hoc
1055 3606 1221 3668 enim
1264 3603 1518 3669 videtur
1564 3608 1873 3693 cogitare:
1933 3611 1987 3672 si
2044 3607 2211 3672 idem
2271 3606 2532 3671 dicimus
2581 3629 2720 3672 esse

519 3702 890 3794 ἄνθρωπον
935 3704 1164 3775 λευκόν
1211 3719 1274 3772 et
1318 3704 1660 3792 ἀνθρώπῳ
1704 3710 1907 3793 λευκῷ
1951 3708 2132 3790 εἶναι,
2176 3710 2289 3776 tali
2325 3715 2557 3777 utimur
2592 3711 2722 3797 syl-

518 3811 825 3899 logismo:
872 3805 1237 3899 ἄνθρωπος
1284 3821 1424 3877 esto
1469 3811 1637 3876 idem
1685 3834 1759 3877 ac
1801 3808 1880 3880 τὸ
1926 3810 2265 3903 ἀνθρώπῳ
2311 3813 2507 3894 εἶναι,
2552 3818 2722 3902 atqui

520 3914 686 3980 idem
733 3925 834 3981 est
876 3908 1242 4007 ἅνθρωπος
1286 3926 1352 3981 et
1392 3909 1617 3993 λευκὸς
1660 3911 2049 4003 ἄνθρωποςε
2109 3941 2267 4007 ergo
2321 3918 2489 3984 idem
2535 3923 2722 3984 etiam

522 4023 645 4085 erit
686 4013 912 4095 λευκὸς
955 4012 1323 4105 ἄνθρωπος
1369 4029 1435 4085 et
1477 4021 1681 4105 λευκῷ
1726 4018 2068 4109 ἀνθρώπῳ
2115 4017 2294 4089 εἶναι.
2365 4023 2452 4088 At
2493 4026 2562 4088 in
2604 4024 2724 4089 hac

521 4125 1007 4188 ratiocinatione
1061 4127 1527 4210 propositionis
1573 4129 1837 4195 maioris,
1875 4130 2124 4192 termini
2169 4127 2335 4193 idem
2381 4136 2530 4192 sunt
2571 4124 2714 4193 κατ’

523 4224 775 4321 οὐσζαυ,
807 4230 1268 4313 propositionis
1301 4233 1564 4295 minoris
1597 4225 1767 4296 κατὰ
1803 4226 2051 4309 πάθος,
2088 4231 2165 4297 cf.
2199 4234 2345 4311 ⁶27,
2375 4231 2533 4296 nihil
2566 4253 2722 4321 ergo

523 4331 673 4396 licet
703 4331 1024 4413 concludi,
1052 4335 1345 4419 quoniam
1378 4328 1462 4400 τά
1492 4328 1664 4422 ἄκρα
1696 4331 1812 4419 οὐχ
1828 4330 2150 4415 ὡσαύτως
2178 4338 2471 4422 γίγνεται
2495 4331 2723 4403 ταύτά.
