3043 4973
544 251 690 326 268
1347 255 1415 325 Δ
1465 250 1584 324 21.
1673 250 1859 326 1022
1876 251 1937 324 b.

544 425 813 507 τοιαύτη
851 429 995 506 ⁶12,
1044 439 1108 492 et
1149 424 1186 493 ὁ
1227 429 1633 511 διακείμενος
1673 418 1742 493 εὖ
1780 423 1825 508 ἢ
1860 429 2072 505 κακῶς
2108 423 2441 506 διάκειται,
2485 437 2752 514 propter

544 531 610 596 id
657 535 860 619 ipsum
911 540 1077 596 esset
1121 527 1246 608 ἕξις
1290 527 1535 629 ὑγιεινή
1580 530 1685 595 vel
1730 526 2044 611 νοσώδης.
2136 531 2365 619 Longe
2409 535 2641 596 rectius
2686 542 2752 597 et

544 659 724 701 suum
782 648 847 702 et
908 633 1179 700 eundem
1237 633 1567 723 vulgarem
1611 656 1755 700 voc.
1803 633 1929 713 ἕξις
1985 657 2165 700 usum
2211 635 2586 700 Aristoteles
2644 635 2751 699 de-

543 743 798 827 scripsit
837 739 980 805 Cat.
1019 738 1081 803 8.
1122 739 1195 803 8⁶
1219 740 1500 804 25—9a
1529 741 1630 817 13,
1678 760 1752 804 ex
1798 761 1920 825 qua
1967 738 2395 826 disputatione
2440 740 2599 803 haec
2637 760 2751 825 po·

545 849 848 909 tissimum
881 852 1028 907 sunt
1059 842 1473 907 conferenda:
1506 844 1844 919 διαθέσεις
1874 844 1942 908 δὲ
1973 844 2276 926 λέγονται
2305 838 2349 907 ἅ
2379 848 2555 908 ἐστιν
2586 841 2754 908 εὐκί-

543 971 713 1028 νητα
758 949 870 1013 καὶ
921 939 1084 1029 ταχὺ
1121 942 1645 1030 μεταβάλλοντα,
1692 942 1838 1012 οἷον
1872 943 2212 1031 θερμότης
2245 950 2356 1013 καὶ
2387 942 2756 1037 κατάψυξις

487 1061 505 1126 t
545 1053 655 1117 καὶ
699 1046 897 1127 νόσος
940 1051 1053 1113 καὶ
1096 1045 1312 1132 ὑγίεια
1354 1052 1465 1115 καὶ
1509 1045 1641 1115 ὅσα
1685 1044 1858 1114 ἄλλα
1903 1052 2208 1117 τοιαῦτα·
2265 1046 2583 1116 διάκειται
2633 1053 2755 1135 μὲν

545 1151 671 1241 γάρ
717 1178 854 1231 πως
898 1144 1070 1218 κατά
1113 1147 1356 1229 ταύτας
1403 1150 1438 1217 ὁ
1485 1146 1879 1242 ἄνθρωπος,
1922 1150 2090 1238 ταχὺ
2132 1155 2200 1220 δὲ
2242 1151 2642 1239 μεταβάλλει
2685 1158 2756 1218 ἐκ

548 1260 809 1344 θερμοῦ
864 1249 1119 1346 ψυχρὸς
1175 1254 1517 1340 γινόμενος
1574 1258 1685 1322 καὶ
1741 1262 1810 1321 ὲκ
1856 1259 1974 1323 τοῦ
2016 1255 2335 1341 ὑγιαίνειν
2381 1263 2470 1334 εὶς
2514 1252 2590 1323 τὸ
2640 1280 2755 1323 νο·

547 1371 687 1427 σεῖν
724 1363 857 1426 κτλ.
900 1399 985 1411 --
1032 1354 1193 1424 ὥστε
1241 1360 1539 1450 διαφέρει
1583 1357 1709 1438 ἕξις
1754 1362 2120 1437 διαθέσεως
2162 1363 2254 1443 τῷ
2295 1355 2376 1426 τὸ
2421 1362 2541 1444 μὲν
2585 1357 2758 1426 εὐκί-

546 1488 746 1546 νητον
791 1462 983 1544 εἶναι,
1043 1458 1123 1528 τὸ
1176 1464 1243 1529 δὲ
1289 1459 1886 1554 πολυχρονιώτερόν
1929 1487 1996 1529 τε
2041 1466 2154 1530 καὶ
2198 1460 2754 1550 δυσκινητότερον.

548 1572 669 1635 εἰσὶ
715 1566 774 1633 δ’
814 1572 885 1633 αἱ
928 1570 1049 1652 μὲν
1094 1565 1250 1645 ἕξεις
1294 1569 1404 1632 καὶ
1450 1566 1819 1646 διαθέσεις,
1877 1570 1947 1633 αἱ
2006 1568 2074 1634 δὲ
2133 1569 2473 1644 διαθέσεις
2523 1564 2641 1633 οὐκ
2685 1564 2758 1646 ἐξ

546 1667 838 1755 ἀνάγκης
881 1669 1069 1750 ἕξεις·
1131 1674 1202 1734 αἱ
1258 1672 1377 1754 μὲν
1430 1666 1559 1753 γάρ
1620 1669 1779 1750 ἕξεις
1832 1673 2084 1756 ἔχοντες
2127 1673 2239 1736 καὶ
2282 1667 2641 1736 διάκεινταί
2681 1674 2756 1754 γέ

546 1799 684 1851 πως
726 1772 871 1839 κατ’
912 1770 1133 1852 αὐτάς,
1180 1778 1241 1839 οἱ
1290 1774 1357 1838 δὲ
1404 1775 1800 1860 διακείμενοι
1835 1771 1915 1840 οὐ
1948 1770 2211 1851 πάντως
2249 1777 2363 1839 καὶ
2400 1771 2533 1852 ἕξιν
2573 1775 2758 1859 ἔχου-

544 1900 668 1946 σιν.
760 1880 1196 1943 Diuturnitate
1254 1880 1446 1965 igitur
1506 1890 1570 1941 et
1624 1877 1921 1943 firmitate
1968 1876 2098 1957 ἕξιν
2140 1900 2177 1941 a
2226 1876 2510 1942 mutabili
2557 1889 2620 1941 et
2664 1880 2762 1941 in-

547 1986 867 2048 constanti
920 1983 1285 2059 διαθέσεως
1339 1993 1561 2046 natura
1609 1981 1958 2069 distinguit.
2009 2019 2089 2032 —
2148 1984 2325 2047 Haec
2369 1980 2758 2069 significatio

549 2082 735 2166 ἕξεως
779 2087 857 2149 ab
905 2090 1205 2151 universo
1254 2108 1558 2172 corpore,
1605 2085 1780 2172 quod
1825 2085 1929 2149 vel
1976 2085 2138 2152 bene
2185 2086 2289 2151 vel
2336 2085 2499 2149 male
2544 2084 2756 2161 habet,

548 2191 732 2254 etiam
779 2188 858 2252 ad
905 2189 1188 2277 singulas
1233 2199 1449 2275 partes
1496 2189 1885 2265 transfertur,
1933 2211 2190 2274 quarum
2235 2189 2341 2253 vel
2378 2191 2612 2253 virtute
2651 2188 2760 2253 vel

547 2294 860 2378 pravitate
907 2296 1198 2358 universa
1243 2291 1353 2355 illa
1402 2289 1528 2370 ἕξις
1575 2293 1925 2367 conficitur,
1971 2296 2116 2371 1113,
2163 2295 2265 2358 14.

679 2396 784 2460 De
828 2401 1096 2460 notione
1141 2393 1330 2474 ἕξεως
1373 2396 1451 2459 cf.
1494 2379 1796 2461 Tretidel.
1828 2397 2057 2460 Waitz
2095 2398 2284 2462 Biese
2328 2395 2395 2462 ll.
2426 2396 2493 2461 ll.
2539 2404 2603 2460 et
2637 2416 2759 2461 nos

545 2499 629 2565 ad
673 2503 747 2567 A
791 2503 854 2566 3.
904 2503 1113 2567 107οα
1159 2503 1260 2565 12.

1404 2764 1635 2838 CAP.
1701 2763 1907 2838 XXI.

683 2926 765 2988 11
772 2919 816 2988 ά
834 2925 990 2997 θος
1026 2924 1311 3009 primum,
1353 2924 1558 2988 102211
1585 2925 1669 2988 15
1687 2961 1767 2974 —-
1792 2924 1887 3000 18,
1922 2921 2144 2986 iisdem
2173 2942 2376 3008 prope
2405 2919 2620 2985 verbis
2648 2920 2759 2984 de-

548 3027 708 3105 finit,
755 3026 982 3112 quibus
1028 3046 1217 3110 supra
1263 3048 1415 3090 usus
1465 3036 1561 3090 est
1611 3026 1692 3091 ad
1739 3025 2218 3091 describendam
2264 3048 2451 3090 unam
2497 3023 2761 3111 qualita-

551 3135 630 3196 tis
675 3130 1226 3219 significationem,
1273 3130 1374 3195 14.
1429 3132 1630 3195 102οὺ
1666 3131 1929 3196 8-12.
2007 3130 2193 3215 Quae
2239 3130 2490 3215 quidem
2537 3128 2760 3208 defini-

550 3239 644 3300 tio
701 3236 820 3300 τοῦ
876 3229 1148 3309 πάθους
1206 3237 1507 3319 quoniam
1566 3255 1872 3320 suspensa
1933 3241 2031 3297 est
2076 3255 2110 3295 a
2156 3236 2425 3297 notione
2483 3228 2760 3297 ἀλλοιώ-

534 3362 728 3415 σεως,
773 3334 1045 3416 ποιότης
1087 3335 1257 3401 καθ’
1299 3332 1380 3417 ἢν
1426 3334 1880 3404 ἀλλοιοῦσθαι
1922 3336 2261 3420 ἐνδέχεται,
2304 3341 2355 3401 si
2402 3338 2757 3423 quaerimus

552 3441 708 3527 quid
754 3440 979 3505 dixerit
1024 3441 1402 3505 Aristoteles
1448 3438 1831 3518 ἀλλοίωσιν,
1877 3438 1958 3503 ad
2005 3438 2257 3504 easdem
2301 3437 2651 3520 ποιότητος
2695 3450 2760 3505 et

551 3540 823 3620 πάθους
860 3547 1163 3609 notiones
1204 3548 1516 3609 reiicimur
1563 3546 1797 3630 (Phys.
1831 3546 1895 3605 V
1928 3546 1990 3608 2.
2025 3544 2196 3608 226α
2221 3546 2337 3609 26:
2382 3541 2422 3624 ἡ
2471 3547 2590 3627 μὲν
2640 3532 2757 3608 οὖν

552 3641 722 3712 κατά
766 3641 844 3711 τὸ
889 3643 1085 3712 ποιὸν
1128 3651 1380 3726 κίνησις
1423 3644 1772 3721 ἀλλοίωσις
1817 3647 1994 3722 ἔστω,
2042 3647 2120 3711 cf.
2168 3650 2246 3712 N
2284 3650 2341 3712 1.
2391 3649 2600 3713 108&
2639 3648 2754 3721 32;

552 3754 625 3817 A
672 3753 733 3817 2.
784 3753 986 3817 1069ὂ
1030 3755 1139 3817 12;
1197 3748 1545 3826 ἀλλοίωσις
1603 3750 1670 3814 δὲ
1728 3745 1769 3828 ἡ
1826 3744 1998 3814 κατὰ
2055 3745 2131 3815 τὸ
2174 3746 2407 3829 πάθος
2451 3754 2755 3830 κίνησις),

555 3854 719 3921 adeo
751 3857 917 3920 utin
948 3856 1086 3942 ipsa
1125 3853 1503 3920 definitione
1539 3851 1697 3917 nihil
1734 3854 2073 3919 habeamus
2107 3854 2372 3932 definiti,
2418 3854 2531 3919 sed
2571 3857 2757 3920 unice

557 3980 632 4023 ex
662 3957 959 4023 adhibitis
994 3956 1292 4045 exemplis
1327 3960 1656 4022 notionem
1691 3955 2036 4023 debeamus
2067 3956 2389 4045 colligere,
2422 3959 2499 4023 cf.
2519 3956 2754 4024 Trend.

556 4063 701 4127 Kat.
749 4085 810 4149 p.
848 4066 953 4127 99.
1004 4100 1083 4113 -
1134 4063 1322 4148 Quae
1369 4060 1603 4125 deinde
1649 4042 2002 4127 afferuntur
2046 4064 2165 4126 τοῦ
2204 4057 2476 4138 πάθους
2521 4060 2756 4150 signifi-

555 4168 861 4241 cationes,
906 4187 1021 4230 eae
1066 4186 1286 4230 omnes
1334 4163 1415 4228 ad
1458 4164 1624 4227 hanc
1667 4166 1927 4249 primam
1974 4165 2352 4230 referuntur.
2424 4164 2757 4253 Significat

557 4273 721 4334 enim
768 4264 1000 4345 πάθος
1043 4276 1179 4333 hon
1224 4267 1427 4332 solum
1476 4266 1869 4353 qualitatem,
1915 4291 2075 4354 quae
2121 4269 2556 4337 alterationem
2603 4270 2757 4335 reci-

556 4377 665 4460 pit,
707 4373 823 4441 sed
867 4374 1062 4460 ipsam
1112 4375 1297 4439 etiam
1345 4370 1787 4438 alterationem
1835 4383 1899 4437 et
1939 4376 2367 4452 mutationem,
2411 4393 2531 4460 per
2574 4393 2754 4459 quam
