3043 4973
1186 235 1261 303 Α
1316 229 1376 303 l.
1454 229 1679 305 9811».
2438 230 2532 305 43

449 407 616 471 981b
652 408 701 471 ὗ
744 404 845 482 ὥς
890 404 981 471 οὐ
1025 403 1234 471 κατὰ
1278 403 1367 472 τὰ
1415 442 1495 458 ·——
1543 409 1590 472 6
1633 406 2077 493 γνωρίζειν.
2166 406 2532 473 Difficultas

324 508 630 595 quaedam
680 513 745 574 in
792 510 908 573 hac
954 513 1232 575 cernitur
1272 514 1616 590 sententia,
1662 534 1825 597 quae
1868 520 2075 576 utrum
2122 510 2531 576 emendandis

323 613 532 677 verbis
579 634 664 677 an
702 612 1091 698 explicandis
1130 612 1416 679 tollenda
1462 618 1546 679 sit
1589 614 1849 680 dubium
1895 626 2010 680 est.
2076 614 2326 679 Etenim
2370 636 2532 701 quae

321 721 611 803 proxime
642 717 1035 781 antecedunt
1050 718 1248 781 verba
1280 721 1734 805 sirespexeris,
1780 723 2195 808 σοφωτέρους
2223 712 2422 793 ὄντας
2452 716 2533 782 ad

316 825 730 907 χειροτέχνας
784 821 1185 886 referendum
1240 823 1526 908 putabis3
1588 843 1624 886 e
1670 832 1971 888 contextu
2017 835 2223 887 autem
2282 833 2533 886 senten·

323 927 547 988 tiarum
596 946 729 990 non
767 930 1182 1012 χειροτέχνας
1227 927 1340 990 sed
1389 924 1851 1013 ἀρχιτέκτονας
1892 925 2347 1014 intelligendos
2395 946 2532 989 esse

324 1040 605 1113 apparet,
653 1033 760 1115 qui
805 1033 1225 1115 sapientiores
1264 1031 1570 1095 dicantur.
1645 1031 1774 1093 lam
1807 1029 2055 1095 sublata
2087 1031 2380 1116 profecto
2415 1032 2534 1093 erit

322 1132 475 1196 haec
522 1132 880 1210 difficultas,
924 1137 979 1197 si
1024 1156 1161 1199 cum
1202 1133 1390 1199 codd.
1424 1134 1630 1198 AbDb
1668 1134 1861 1198 verba
1900 1136 1981 1198 bl
2031 1129 2183 1209 τοὺς
2218 1131 2276 1197 δ’
2313 1120 2532 1217 ὥσπερ

325 1270 402 1286 —-
436 1239 479 1300 5
515 1234 601 1300 δι’
636 1238 800 1313 ἔθος
830 1238 1134 1317 omiseris,
1173 1258 1355 1323 quam
1390 1242 1702 1302 rationem
1733 1237 2183 1325 Schwcglerus
2217 1239 2376 1301 iniit.
2441 1237 2536 1300 Ac

321 1360 474 1402 sane
505 1361 716 1425 neque
744 1340 1085 1405 Alexandri
1112 1343 1459 1407 auctoritas
1489 1343 1636 1407 huie
1663 1340 2104 1408 emendationi·
2119 1340 2347 1418 obstat,
2379 1360 2535 1427 quo·

319 1445 488 1506 niam
532 1445 587 1507 is
633 1446 765 1507 τῶν
810 1440 1089 1529 ἀψύχων
1130 1444 1368 1510 nullam
1414 1444 1564 1510 facit
1606 1449 2021 1524 mentionem,
2069 1456 2138 1510 ut
2180 1444 2288 1509 illa
2335 1445 2533 1509 verba

317 1545 523 1611 videri
570 1550 775 1632 possit
819 1549 886 1611 in
931 1569 1050 1612 suo
1093 1560 1265 1613 textu
1297 1570 1430 1613 non
1461 1550 1775 1629 habuisse,
1817 1570 2026 1635 neque
2055 1548 2396 1635 quidquam
2428 1546 2535 1611 de-

320 1649 718 1727 sideraveris,
764 1654 819 1714 si
863 1651 971 1715 illa
1019 1653 1213 1718 verba
1260 1643 1650 1718 omittantur.
1740 1654 2035 1719 Attamen
2083 1663 2148 1718 et
2187 1674 2395 1717 rerum
2440 1654 2535 1716 in·

318 1756 665 1817 animarum
712 1776 853 1818 cum
898 1756 1240 1842 opificibus
1287 1760 1678 1844 comparatio
1723 1761 1936 1843 aptior
1982 1767 2093 1837 est,
2141 1778 2324 1843 quam
2371 1776 2534 1842 quae

318 1878 394 1921 ex
440 1857 826 1945 glossemate
871 1863 1008 1925 iure
1056 1861 1405 1947 repetenda
1468 1882 1608 1925 esse
1660 1860 1980 1939 videatur,
2038 1882 2248 1947 neque
2304 1860 2534 1925 verbo-‘-

316 1982 453 2026 rum
488 1962 747 2027 illorum
776 1959 931 2039 τοὺς
961 1963 1019 2028 δ’
1055 1960 1270 2052 ὥσπερ
1302 1967 1436 2029 κτλ.
1473 1966 1899 2030 conformatio
1932 1969 2333 2054 grammatica
2366 1963 2531 2029 adeo

318 2078 416 2130 est
458 2065 843 2152 perturbata,
888 2067 953 2131 id
998 2066 1173 2155 quod
1220 2069 1553 2135 contendit
1579 2068 2066 2157 Schweglerus‚-
2090 2080 2159 2135 ut
2192 2068 2348 2135 inde
2382 2089 2534 2134 con-

318 2169 538 2234 eludas
597 2192 671 2234 ea
734 2172 1082 2236 omittenda
1146 2193 1315 2251 esse3
1372 2172 1659 2259 pendent
1711 2176 1878 2237 enim
1925 2173 2118 2238 verba
2166 2167 2320 2249 τούς
2363 2169 2423 2237 δ’
2467 2183 2535 2237 et

314 2273 563 2360 reliqua
608 2296 645 2337 a
691 2261 895 2341 verbo
951 2276 1337 2359 νομίζομενς
1395 2274 1670 2361 denique
1729 2276 1936 2341 codici
1978 2277 2067 2340 Ab
2101 2281 2169 2341 in
2216 2296 2534 2341 consensu

315 2377 711 2463 reliquorum
770 2399 977 2465 prope
1034 2382 1331 2448 omnium».
1371 2390 1614 2444 tantum
1657 2379 1939 2445 tribuere
1984 2382 2378 2445 auctoritatis
2421 2379 2535 2444 du-

186 2491 201 2508 '
314 2481 647 2547 bitaverim
698 2482 816 2559 (cf.
864 2481 1017 2547 vol„
1063 2483 1109 2547 Ι.
1155 2482 1358 2570 praef.
1403 2508 1464 2571 p.
1502 2485 1694 2564 XV),
1751 2485 2119 2570 praesertim
2161 2507 2355 2569 quum
2400 2504 2533 2547 sae-

304 2589 459 2676 pius
504 2590 571 2649 in
619 2606 699 2650 eo
744 2586 915 2649 libro
961 2586 1209 2673 aliquot
1251 2589 1446 2652 verba
1494 2592 1724 2652 omissa
1773 2607 1916 2651 esse
1959 2607 2036 2651 ex
2080 2607 2213 2650 var.
2251 2585 2394 2651 lect.
2443 2587 2532 2649 fa-

318 2689 438 2753 cile
475 2699 922 2777 cognoscatur.
954 2728 1039 2740 —-
1084 2693 1306 2777 Itaque
1350 2696 1401 2755 si
1448 2701 1618 2755 esset
1662 2694 2027 2756 coniectura
2070 2711 2255 2777 opus,
2301 2710 2380 2755 eo
2418 2711 2533 2775 pos-

317 2796 442 2856 tius
486 2794 859 2858 inclinarem
905 2805 976 2858 ut
1022 2804 1168 2860 ante
1212 2792 1300 2872 ὡς
1344 2791 1424 2860 οὐ
1469 2796 1774 2860 excidisse
1828 2805 2113 2881 putarem
2160 2795 2533 2858 architecto·

316 2919 457 2961 rum
500 2901 904 2973 mentionem,
950 2891 1104 2973 τούς
1146 2900 1216 2964 δὲ
1263 2896 1725 2983 ἀρχιτέκτονας
1766 2892 1938 2962 κατὰ
1982 2894 2183 2980 λόγον
2220 2896 2324 2962 vel
2363 2891 2533 2964 κατὰ

313 3004 548 3084 τέχνην
588 3001 720 3084 (cf.
767 3000 977 3065 Schw.
1024 3002 1104 3066 ad
1150 3003 1212 3066 h.
1259 3002 1362 3085 1.),
1408 3003 1523 3068 sed
1569 3002 1825 3066 videtur
1870 3004 2184 3087 acquiesci
2225 3021 2422 3087 posse
2465 3004 2532 3064 in

317 3114 493 3168 textu
550 3104 837 3191 vulgato.
929 3105 1294 3170 Subiectum
1356 3109 1520 3170 enim
1583 3109 1903 3170 enunciati
1959 3102 2044 3181 ὡς
2097 3101 2178 3169 οὐ
2219 3104 2353 3168 κτλ.
2399 3124 2532 3167 non

315 3193 740 3294 repetendum
788 3219 888 3272 est
932 3230 969 3272 e
1018 3211 1451 3296 superioribus
1498 3209 1741 3289 verbis,
1799 3208 1915 3274 sed
1958 3205 2380 3294 supplendum
2429 3228 2533 3269 co-

316 3315 635 3398 gitatione
676 3331 1034 3397 pronomen
1081 3313 1484 3378 indefinitum
1530 3333 1742 3389 τινας,
1801 3331 1961 3398 quae
2009 3311 2252 3396 ellipsis
2299 3321 2367 3373 ut
2414 3310 2533 3373 fre-

317 3437 523 3501 quens
569 3426 668 3479 est
712 3428 778 3481 et
820 3417 1017 3481 finitis
1060 3424 1130 3481 in
1174 3417 1383 3482 modis
1431 3425 1496 3480 et
1541 3418 1608 3480 in
1661 3416 2009 3493 infinitivo,
2064 3417 2153 3493 ita
2211 3433 2417 3499 neque
2465 3417 2532 3478 in
2579 3412 2598 3425 ⁸

316 3523 656 3606 participio
687 3520 937 3585 videtur
968 3520 1304 3585 offendere
1335 3540 1547 3606 posse,
1595 3542 1964 3606 quamquam
1997 3516 2328 3584 consimile
2359 3518 2533 3603 quod

320 3624 582 3687 afferam
632 3625 982 3710 exemplum
1028 3645 1163 3688 non
1210 3624 1434 3689 babeo.
1510 3625 1657 3688 Hoc
1697 3626 1893 3712 igitur
1934 3621 2313 3687 Aristoteles
2359 3622 2534 3687 vide-

319 3726 496 3790 bitur
537 3727 780 3792 dicere:
824 3729 897 3792 In
942 3728 1136 3793 rebus
1182 3730 1471 3793 inanimis
1518 3749 1554 3791 a
1592 3728 1868 3794 naturali
1902 3726 2179 3813 quodam
2215 3728 2533 3805 instinctu,

317 3836 383 3895 in
436 3832 776 3917 opificibus
823 3856 858 3895 a
905 3832 1372 3898 consuetudine
1417 3853 1668 3896 causam
1698 3834 2042 3917 repetimus
2074 3830 2335 3918 agendi3
2380 3852 2534 3895 neu-

319 3938 402 3998 tri
447 3940 670 4023 generi
720 3949 1060 4023 propterea
1107 3938 1487 4022 sapientiam
1544 3934 1986 4012 adscribimus,
2039 3939 2338 4019 quoniam
2399 3940 2533 4000 eius

319 4042 416 4101 vis
462 4061 596 4103 non
643 4044 709 4103 in
752 4040 988 4128 agendi
1030 4040 1353 4117 facilitate,
1396 4039 1516 4104 sed
1553 4042 1617 4103 in
1649 4037 2120 4126 cognoscendis
2152 4060 2357 4104 rerum
2389 4061 2534 4104 cau—

312 4146 406 4206 sis
437 4147 738 4208 cernitur.
811 4146 1033 4225 [Fort.
1080 4142 1481 4207 scribendum
1532 4153 1629 4207 est
1673 4133 1764 4209 ὧν
1807 4140 1888 4208 οὐ
1933 4137 2104 4207 κατὰ
2147 4138 2238 4207 τὸ·
2264 4165 2533 4228 πρακτι-

314 4241 476 4323 κοὺς
520 4245 689 4312 εἶναι
732 4252 1149 4337 σοφωτέρους
1194 4245 1360 4312 εἶναι
1400 4241 1555 4322 τοὺς
1590 4250 2006 4334 σοφωτέρους
2045 4241 2259 4322 ὄντας.
2318 4247 2498 4328 Hk]

448 4353 615 4416 9811»
658 4355 694 4417 7
744 4362 1094 4437 σημεῖον
1128 4371 1330 4415 sensu
1378 4351 1625 4439 logico,
1683 4372 1868 4436 quem
1921 4361 2099 4416 recte
2144 4352 2268 4415 huc
2308 4353 2533 4428 trahas,

322 4454 672 4541 explicatur
703 4455 882 4523 Anal,
917 4478 1009 4540 pr.
1040 4456 1100 4520 11
1130 4458 1236 4521 27.
1271 4457 1391 4520 70⁰
1427 4457 1463 4520 7
1497 4476 1631 4540 sqq.
1699 4453 1999 4519 Trendel.
2042 4455 2138 4519 El.
2180 4453 2309 4541 log.
2346 4453 2401 4539 ἓ.
2426 4456 2531 4519 37.
