3043 4973
527 270 680 346 290
1365 268 1430 338 E
1473 264 1546 340 2.
1629 263 1898 340 10270.

535 445 577 528 ἡ
619 443 743 526 ὕλη
793 483 873 497 -
924 446 1008 510 16
1052 438 1382 510 ἀδύνατον
1424 445 1718 531 posueris
1763 452 1912 507 ante
1950 443 2043 506 ⁸8
2087 434 2243 505 ὥστ’
2285 436 2525 521 ἐπειδή,
2581 464 2745 528 quae

537 554 902 617 coniectura
962 551 1018 613 si
1077 547 1157 612 ad
1213 550 1412 633 ipsam
1469 569 1601 611 rem
1659 557 1806 632 apta
1862 544 2206 625 iudicetur,
2264 557 2531 631 propter
2575 545 2745 612 idem

535 657 1050 721 enunciationum
1102 654 1346 717 initium
1400 671 1537 715 non
1593 671 1857 736 prorsus
1913 648 2349 735 improbabilis
2405 649 2741 715 videbitur.

539 797 620 812 —
664 760 800 824 015
847 751 1058 843 ἀρχὴν
1102 757 1172 821 δὲ
1212 755 1401 835 τηνδὶ
1442 756 1742 836 ληπτέον,
1786 757 1898 819 iut.
1944 754 2063 819 τοῦ
2106 751 2315 838 δεῖξαι
2359 748 2463 819 ὅτι
2504 755 2640 820 ἔστι
2685 773 2751 819 τι

538 856 973 948 συμβεβηκός.
1023 897 1104 910 -
1146 862 1281 924 als
1327 852 1604 944 ὕστερον
1648 862 1978 935 σκεπτέον,
2024 857 2102 921 ef.
2149 861 2224 924 A
2272 860 2332 923 7.

674 966 885 1030 1027a
912 965 997 1029 19
1042 958 1171 1028 ὅτι
1213 959 1273 1027 δ’
1313 1000 1401 1012 -·
1444 963 1533 1026 28
1580 959 1920 1047 ε’ίρηται.
1998 961 2339 1025 scientiam
2385 981 2750 1046 quae.vere

540 1091 616 1134 ae
651 1068 1021 1153 simpliciter
1065 1064 1365 1147 (ἁπλῶς)
1409 1065 1538 1129 hoe
1572 1067 1832 1129 nomine
1871 1063 2247 1150 appelletur,
2293 1085 2425 1128 non
2458 1086 2596 1128 esse
2626 1065 2749 1128 nisi

541 1194 779 1250 eorum,
825 1192 987 1257 quae
1033 1180 1290 1235 aeterna
1336 1172 1463 1234 sint
1507 1189 1719 1254 neque
1764 1188 2040 1253 unquam
2083 1177 2424 1248 mutentur,
2466 1169 2597 1232 τῶν
2632 1164 2752 1232 οὐκ

540 1277 975 1360 ἐνδεχομένων
1032 1269 1246 1348 ἄλλως
1304 1273 1497 1356 ἔχειν,
1556 1271 1935 1336 Aristoteles
1991 1271 2184 1337 docet
2230 1273 2348 1336 An.
2397 1281 2564 1358 post.
2609 1271 2640 1335 1
2688 1271 2748 1335 l.

543 1382 657 1445 71⁶
702 1380 786 1443 15
846 1378 962 1456 (cf.
1010 1378 1237 1441 Waitz
1296 1375 1377 1439 ad
1434 1377 1494 1439 h.
1555 1374 1661 1456 L).
1730 1378 1789 1441 4.
1839 1378 1960 1442 73a
2000 1379 2105 1442 21.
2176 1381 2236 1443 6.
2284 1378 2400 1442 74⁶
2440 1376 2748 1444 36-39,

543 1485 601 1548 7.
648 1484 765 1547 751>
799 1482 905 1546 24.
961 1483 1070 1547 33.
1116 1481 1234 1546 8811
1269 1481 1376 1546 31.
1447 1480 1712 1544 Latiore
1759 1490 1968 1546 tamen
2013 1502 2208 1547 sensu
2246 1482 2527 1557 scientia,
2568 1499 2754 1564 prae—

542 1597 640 1651 ter
684 1595 945 1650 aeterna
989 1595 1055 1650 et
1097 1585 1485 1663 necessaria,
1545 1586 1732 1650 etiam
1791 1584 1875 1649 ad
1931 1607 2007 1649 ea
2051 1585 2355 1662 refertur,
2413 1604 2574 1671 quae
2616 1581 2754 1669 ple-

537 1710 801 1775 rumque
858 1688 965 1753 vel
1023 1699 1170 1754 sunt
1217 1686 1323 1753 vel
1367 1686 1562 1764 fiunt,
1620 1688 1700 1752 ef.
1750 1689 1869 1754 An.
1916 1711 2012 1775 pr.
2056 1689 2087 1753 1
2135 1690 2237 1753 13.
2283 1690 2403 1754 32⁶
2445 1688 2556 1753 18:
2614 1690 2754 1750 ἐπι-

543 1789 759 1877 στήμη
818 1793 890 1857 δὲ
950 1793 1065 1858 καὶ
1121 1785 1557 1875 συλλογισμὸς
1600 1785 2047 1868 ἀποδεικτικὰς
2089 1793 2219 1857 τῶν
2260 1793 2380 1874 μὲν
2426 1788 2755 1878 ἀορίστων

542 1886 660 1964 οὖν
717 1898 894 1962 ἔστιν
937 1889 1049 1960 διὰ
1099 1892 1182 1961 τὰ
1222 1889 1511 1961 ἄτακτον
1559 1891 1727 1961 εἶναι
1768 1889 1846 1961 τὸ
1889 1899 2121 1980 μέσον,
2175 1896 2308 1959 τῶν
2352 1895 2421 1961 δὲ
2464 1888 2753 1983 πεφυκό-

539 2022 672 2066 των
716 2000 818 2078 (h.
853 2020 910 2063 e.
956 2000 1086 2064 τῶν
1131 1997 1217 2076 ὡς
1260 2001 1364 2066 ἐπὶ
1410 1992 1488 2064 τὸ
1532 1993 1705 2065 πολὺ
1749 1995 1987 2077 ὄντων,
2049 1998 2125 2062 cf.
2172 1997 2327 2062 ibid.
2370 2000 2539 2078 blo)
2595 1999 2749 2064 ἔστι.

542 2105 665 2170 An.
709 2112 876 2190 post.
916 2103 947 2167 1
990 2103 1097 2168 30.
1144 2104 1259 2168 87ῠ
1296 2104 1401 2168 2⁰.
1471 2102 1659 2186 Quae
1698 2112 1905 2167 autem
1939 2112 2195 2189 praeter
2227 2098 2751 2167 consuetudinem

542 2217 707 2284 sunt,
751 2227 826 2270 ea
871 2226 1046 2284 vero,
1089 2208 1225 2270 sive
1270 2201 1737 2290 συμβεβηκότα
1781 2205 2012 2272 dixeris
2056 2209 2190 2271 sive
2231 2202 2533 2293 ἀόριστα,
2576 2212 2752 2268 extra

541 2313 868 2377 scientiam
915 2307 1167 2373 cadunt.
1213 2348 1302 2359 -
1359 2311 1437 2373 In
1496 2309 1787 2395 exemplo
1834 2310 2062 2389 febris,
2121 2333 2283 2395 quae
2329 2308 2534 2375 mulso
2582 2305 2754 2376 adhi-

538 2413 680 2479 bito
738 2413 1017 2491 levetur,
1080 2410 1436 2477 obscuritas
1495 2413 1801 2499 quaedam
1857 2417 2025 2478 inest
2071 2416 2238 2479 ⁶24:
2304 2407 2382 2479 τὸ
2442 2413 2511 2478 δὲ
2569 2404 2756 2497 παρὰ

538 2520 736 2585 τοῦτο
785 2513 904 2602 οὐχ
948 2512 1072 2594 ἕξει
1113 2516 1351 2600 λέγειν,
1409 2514 1569 2583 πότε
1616 2515 1724 2597 οὐ,
1783 2515 1926 2583 οἶον
1971 2520 2330 2603 νουμηνίᾳ·
2389 2511 2431 2596 ἢ
2476 2508 2604 2601 γὰρ
2648 2511 2754 2579 ἀεὶ

538 2616 585 2703 ἢ
628 2619 716 2698 ὡς
759 2623 865 2686 ἐπὶ
909 2614 986 2686 τὸ
1029 2617 1203 2685 πολὺ
1233 2624 1346 2688 καὶ
1382 2617 1460 2686 τὸ
1498 2623 1577 2712 τῇ
1613 2624 1959 2705 νουμηνίᾳ.
2026 2623 2322 2687 Extrema
2356 2622 2522 2685 enim
2558 2617 2752 2685 verba

540 2726 711 2791 hune
751 2724 1053 2791 videntur
1102 2727 1170 2788 in
1227 2724 1488 2790 modum
1548 2724 1919 2811 accipienda
1979 2746 2147 2789 esse:
2209 2727 2440 2791 etenim
2487 2723 2555 2788 id
2594 2743 2755 2808 quo·

537 2850 682 2915 que,
730 2826 900 2915 quod
939 2826 1265 2893 interlunii
1304 2832 1597 2915 tempore
1632 2828 1709 2892 fit
1748 2821 1866 2908 (τὸ
1904 2830 1982 2919 τῇ
2018 2831 2402 2913 νουμηνίᾳ),
2449 2838 2558 2893 aut
2596 2848 2754 2892 sem-

538 2953 659 3019 per
703 2933 804 3013 (h.
838 2952 893 2994 e.
940 2934 1192 3015 quoties
1239 2943 1336 2997 est
1370 2931 1818 3013 interlunium)
1858 2943 1968 2997 aut
2001 2931 2376 3019 plerumque
2406 2932 2498 3009 fit,
2543 2951 2753 3016 neque
2794 2976 2797 2981 -

541 3034 714 3101 cadit
772 3045 944 3103 extra
1001 3056 1285 3101 normam
1334 3047 1401 3102 et
1444 3035 1991 3103 consuetudinem.
2081 3035 2283 3121 Quod
2328 3035 2477 3101 lieet
2519 3057 2637 3121 per
2678 3055 2752 3099 se

539 3138 712 3205 haud
755 3141 974 3226 inepte
1007 3138 1269 3218 dicatur,
1313 3150 1526 3209 tamen
1563 3162 1696 3205 non
1732 3151 1946 3226 potest
1979 3163 2118 3206 cum
2150 3139 2585 3226 superioribus
2615 3159 2754 3205 ver-

539 3244 638 3309 bis
684 3255 857 3309 recte
903 3244 1260 3320 conciliari3
1305 3256 1489 3310 antea
1533 3248 1698 3309 enim
1738 3247 1940 3330 ipsum
1980 3243 2306 3310 interlunii
2343 3254 2591 3328 tempus
2628 3260 2751 3328 pro

541 3351 920 3434 exceptione
963 3351 1240 3433 positum
1285 3360 1399 3428 est,
1442 3372 1605 3435 quae
1649 3369 1783 3414 non
1822 3353 2258 3414 contineretur
2293 3345 2511 3412 eadem
2548 3368 2622 3413 ac
2657 3367 2756 3410 re-

540 3450 781 3536 liquum
827 3461 1074 3537 tempus
1108 3450 1272 3541 lege.
1342 3454 1563 3538 Quare
1597 3475 1732 3518 non
1768 3452 2023 3518 videtur
2061 3450 2530 3538 negligendum,
2576 3447 2752 3534 quod

537 3553 871 3618 artimlum
916 3551 994 3618 τὸ
1039 3564 1190 3619 ante
1235 3558 1311 3644 τῇ
1353 3559 1682 3642 νουμηνίᾳ
1712 3556 2046 3621 Bekkerus
2089 3577 2162 3621 ex
2201 3576 2332 3620 uno
2374 3554 2518 3619 cod.
2550 3553 2620 3619 Ε
2654 3575 2754 3618 re-

542 3660 743 3744 eepit;
796 3657 1029 3743 quodsi
1080 3659 1251 3724 hunc
1306 3660 1639 3726 articulum
1701 3682 1774 3725 ex
1827 3662 2206 3725 auctoritate
2248 3658 2633 3745 reliquorum
2678 3656 2750 3721 li-

541 3760 804 3828 brorum
848 3764 1166 3839 omiseris,
1226 3774 1318 3841 et,
1364 3785 1526 3848 quae
1569 3767 1674 3828 vix
1718 3762 1843 3828 diei
1886 3773 2102 3849 potest
2146 3766 2441 3841 mutatio,
2492 3763 2663 3846 prius
2707 3752 2752 3838 ἢ

541 3867 608 3929 in
651 3856 692 3955 ᾖ
737 3867 1105 3930 mutaveris:
1162 3855 1203 3955 ᾗ
1246 3863 1375 3951 γὰρ
1421 3863 1528 3931 ἀεὶ
1574 3858 1617 3945 ἢ
1661 3863 1747 3943 ὡς
1791 3869 1899 3932 ἐπὶ
1938 3861 2019 3932 τὸ
2064 3863 2264 3945 πολύ,
2320 3867 2435 3932 καὶ
2479 3865 2556 3951 τῇ
2598 3885 2752 3929 νου-

541 3968 778 4052 μηνίᾳ,
834 3967 1031 4056 longe
1090 3972 1301 4055 aptior
1357 3973 1617 4035 exsistet
1670 3974 2124 4036 sententiarum
2183 3973 2366 4034 ratio.
2458 3966 2751 4033 Medicus

543 4070 738 4136 docet
778 4071 1238 4137 febricantibus
1265 4072 1648 4161 plerumque
1675 4074 1989 4160 prodesse
2022 4073 2311 4151 mulsum,
2355 4083 2419 4137 at
2449 4092 2579 4138 non
2613 4080 2753 4155 pot·

544 4185 642 4240 est
686 4174 938 4253 docere,
985 4175 1240 4260 quando
1286 4199 1422 4243 non
1468 4182 1691 4265 prosit,
1737 4177 1936 4243 veluti
1981 4182 2035 4243 si
2071 4198 2385 4243 sumamus
2425 4173 2752 4241 interlunii

541 4287 835 4367 tempore
879 4277 1038 4343 illud
1082 4300 1218 4344 non
1263 4302 1404 4345 esse
1449 4281 1733 4358 salubre;
1780 4293 2094 4368 quatenus
2142 4284 2308 4347 enim
2353 4278 2461 4344 vel
2502 4299 2753 4363 semper

539 4383 648 4448 vel
688 4382 1062 4470 plerumque
1106 4384 1263 4449 utile
1308 4396 1408 4450 est
1447 4384 1746 4465 mulsum,
1802 4385 1961 4451 utile
2021 4387 2137 4453 erit
2197 4387 2384 4451 etiam
2428 4381 2750 4448 interlunii
