3043 4973
1137 250 1216 319 Λ
1264 247 1343 319 6.·
1418 245 1605 320 1072
1618 271 1684 320 a.
2367 247 2508 324 493

312 428 461 483 runt
506 429 649 484 actu
695 441 990 499 movenS,
1046 422 1244 487 veluti
1289 424 1697 511 Anaxagoras
1742 432 2044 503 mentem,
2089 424 2511 509 Empedocles

315 544 591 587 amorem
626 535 690 587 et
724 528 1213 603 contentionem,
1242 525 1611 612 Leucippus
1641 530 1843 612 ipsum
1869 536 2197 591 aeternum
2223 538 2480 591 motum.

445 628 657 691 1072a
697 630 733 692 7
783 622 834 690 ὦ
850 625 959 692 στ’
1002 623 1144 692 οὐκ
1186 665 1273 676 -
1321 631 1405 693 18
1450 627 1726 713 ἀρχάς.
1799 631 1895 693 Ex
1940 631 2052 707 his,
2098 651 2259 714 quae
2303 629 2513 715 dispu-

313 738 440 792 tata
488 740 649 805 suut,
694 731 748 792 si
797 739 999 794 actum
1047 734 1330 814 potentia
1374 735 1651 816 priorem
1692 753 1831 794 esse
1871 742 2137 809 constat,
2183 735 2515 817 consequi-

310 842 414 896 tur
472 842 543 896 ut
598 853 729 896 non
788 836 992 917 possit
1048 832 1127 894 ab
1188 835 1370 897 initio
1417 833 1816 898 indefinitum
1863 857 1981 921 per
2025 844 2273 920 tempus
2319 834 2514 898 chaos

313 934 418 998 vel
459 956 589 1000 nox
636 935 855 1011 fuisse,
912 939 953 998 i.
995 957 1048 999 e.
1095 957 1265 999 mera
1312 941 1633 1022 potentia,
1687 937 1803 1001 sed
1862 947 1934 1001 ut
1992 938 2213 1002 eadem
2265 931 2516 1023 semper

314 1040 560 1115 fuerint,
598 1043 733 1102 sive
766 1061 884 1125 per
917 1039 1414 1103 vicissitudinem
1450 1038 1765 1123 quandam
1804 1037 2162 1128 (περιόδῳ)
2200 1062 2362 1126 quae
2397 1041 2518 1105 fuit

314 1141 724 1227 Empedoclis
750 1145 1081 1220 sententia,
1112 1142 1190 1206 cf.
1221 1142 1302 1207 de
1328 1142 1515 1207 coelo
1544 1145 1574 1207 1
1607 1147 1709 1209 10.
1739 1147 1901 1210 279⁶
1928 1147 2031 1209 14.
2065 1144 2423 1230 Phys.v111
2453 1146 2513 1208 1.

313 1247 473 1310 250⁶
511 1247 626 1322 26,
683 1249 817 1309 sive
861 1229 1052 1309 alium
1099 1248 1165 1309 in
1210 1246 1484 1310 modum.
1576 1248 1705 1311 Iam
1758 1251 1811 1311 si
1859 1247 2079 1313 eadem
2124 1269 2374 1333 semper
2420 1257 2517 1311 est

316 1352 593 1413 omnium
630 1369 838 1412 rerum
876 1347 1263 1429 vicissitudo,
1309 1361 1569 1436 oportet
1599 1355 1754 1435 poni
1787 1351 2130 1437 quidpiam,
2170 1349 2343 1436 quod
2375 1371 2516 1435 per-

316 1463 510 1538 petuo
559 1452 828 1517 eundem
875 1455 939 1516 in
984 1451 1242 1517 modum
1291 1464 1468 1541 agat3
1529 1457 1626 1518 sin
1675 1454 1987 1541 explicare
2033 1453 2354 1531 volumuS,
2406 1455 2518 1538 qui

315 1559 522 1642 possit
580 1559 914 1643 generatio
963 1578 1101 1620 esse
1149 1567 1211 1620 et
1255 1560 1546 1622 interitus
1592 1562 1688 1636 (εὶ
1730 1558 2005 1640 μέλλει
2049 1561 2296 1639 γένεσις
2339 1577 2396 1620 κ.
2443 1578 2515 1643 φ.

318 1657 483 1725 εἶναι
526 1662 722 1739 alo),
767 1658 1133 1743 ponendum
1178 1671 1505 1744 praeterea
1552 1659 1815 1724 alterum
1854 1669 1968 1736 est,
2012 1657 2188 1744 quod
2221 1668 2284 1722 et
2311 1660 2518 1743 ipsum

317 1772 632 1848 perpetuo
681 1774 822 1826 actu
867 1772 1139 1841 moveat,
1187 1763 1300 1828 sed
1345 1767 1588 1827 varium
1634 1785 1835 1848 usque
1878 1766 1942 1826 in
1988 1760 2263 1840 modum,
2306 1755 2520 1836 ἄλλως

316 1867 427 1929 καὶ
486 1859 699 1941 ἄλλως
743 1866 896 1929 «112.
943 1904 1031 1915 -
1086 1860 1263 1930 Haec
1318 1869 1615 1932 universe
1675 1866 1839 1930 dicta
1901 1865 1982 1929 de
2039 1868 2397 1929 necessaria
2456 1874 2521 1929 et

318 1972 692 2032 aeternitate
751 1979 814 2032 et
867 1972 1174 2033 varietate
1218 1971 1543 2056 ἐνεργείας
1588 1981 1657 2034 ut
1701 1978 2005 2054 appareat
2047 1967 2377 2052 quomodo
2423 1971 2519 2031 in-

318 2070 519 2157 telligi
566 2082 630 2134 et
676 2071 753 2135 ad
802 2075 1000 2157 ipsam
1043 2094 1250 2136 rerum
1291 2084 1594 2149 naturam,
1640 2071 1886 2157 qualem
1920 2093 2038 2136 usu
2069 2075 2379 2148 novimus»,
2422 2092 2520 2134 re-

318 2174 467 2238 ferri
513 2173 789 2239 voluerit
837 2177 969 2252 An,
1027 2175 1306 2239 conferri
1349 2178 1546 2252 iuvat,
1603 2185 1861 2261 praeter
1905 2176 2087 2239 huius
2133 2176 2329 2259 ipsius
2376 2171 2521 2236 libri

320 2281 522 2362 capita
568 2281 867 2363 proxima,
913 2279 995 2343 de
1027 2300 1173 2366 gen.
1208 2288 1273 2342 et
1303 2300 1464 2343 corr.
1497 2279 1559 2341 ΙΙ
1590 2281 1694 2344 10.
1725 2280 1893 2343 336a
1918 2280 2032 2343 23:
2077 2279 2215 2342 ἐπεὶ
2260 2271 2319 2340 δ’
2356 2270 2521 2340 ὑπό-

317 2402 522 2445 κειται
565 2384 676 2446 καὶ
723 2383 1037 2447 δέδεικται
1082 2376 1352 2465 συνεχὴς·
1397 2371 1568 2446 οὖσα
1620 2391 1763 2457 τοῖς
1806 2377 2148 2466 πράγμασι
2190 2380 2303 2444 καὶ
2345 2381 2521 2460 γένε-

321 2506 421 2561 σις
462 2486 571 2549 καὶ
619 2480 878 2573 φθορά,
925 2488 1143 2573 φαμὲν
1189 2482 1248 2549 δ’
1288 2486 1511 2549 αἰτίαν
1556 2480 1724 2549 εἶναι
1766 2478 1887 2564 τὴν
1934 2475 2156 2573 φορὰν
2196 2484 2317 2547 τοῦ
2349 2482 2520 2564 γίνε-

321 2588 513 2665 σθαι,
558 2582 851 2674 φανερὸν
896 2583 1000 2651 ὅτι
1040 2591 1197 2670 μιᾶς
1240 2590 1359 2669 μὲν
1399 2581 1600 2666 οὔσης
1636 2591 1755 2667 τῆς
1791 2589 2010 2674 φορᾶς
2046 2584 2162 2651 οὐκ
2197 2585 2523 2668 ἐνδέχεται

320 2692 634 2773 γίνεσθαι
697 2686 900 2781 ἄμφω
968 2685 1077 2754 δια
1135 2685 1209 2755 τὸ
1270 2693 1540 2755 ἐναντία
1600 2688 1797 2756 εἶναι·
1865 2682 1942 2753 τὸ
2001 2689 2129 2775 γὰρ
2190 2685 2351 2752 αὐτὸ
2408 2688 2521 2750 καὶ

321 2788 628 2869 ὡσαύτως
672 2796 819 2878 ἕχον
865 2789 972 2859 ἀεὶ
1015 2788 1091 2858 τὸ
1139 2788 1300 2859 αὐτὸ
1345 2796 1589 2882 πέφυκε
1634 2801 1862 2858 ποιεῖν.
1945 2786 2109 2856 ὥστε
2154 2784 2303 2870 ἤτοι
2346 2792 2522 2872 γένε-

322 2916 423 2971 σις
468 2893 573 2961 ἀεὶ
617 2899 800 2961 ἔσται
842 2890 887 2976 ἢ
932 2892 1193 2985 φθορά.
1284 2896 1383 2962 δεῖ
1427 2897 1495 2962 δέ
1540 2898 1801 2972 πλείους
1847 2888 2014 2961 εἶναι
2069 2889 2189 2969 τὰς
2241 2888 2525 2970 κινήσεις

321 3001 431 3064 καὶ
493 3001 825 3076 ἐναντίας·
882 3000 1014 3064 τῶν
1068 2994 1196 3084 γάρ
1249 3003 1561 3065 ἐναντίων
1607 2997 1929 3064 τάναντία
1976 2996 2171 3063 α’ίτια.
2264 2989 2366 3060 διὸ
2410 2996 2523 3058 καὶ

322 3100 440 3186 οὐχ
486 3101 529 3181 ἡ
574 3099 848 3188 πρώτη
896 3096 1115 3192 φορὰ
1160 3106 1238 3182 (ί.
1274 3123 1327 3166 e.
1374 3099 1417 3181 ἡ
1456 3098 1796 3183 ἀπλανής)
1843 3103 2023 3165 αἰτία
2053 3103 2189 3165 ἐστὶ
2218 3100 2525 3182 γενέσεως

322 3208 432 3269 καὶ
479 3208 784 3292 φθορᾶς,
829 3203 975 3270 ἀλλ’
1015 3203 1056 3283 ἡ
1101 3198 1308 3268 κατὰ
1352 3200 1495 3269 τὸν
1540 3201 1788 3283 λοξὸν
1833 3200 2165 3280 κύκλον·
2209 3206 2279 3266 ἐν
2321 3195 2523 3288 ταύτῃ

322 3301 452 3391 γὰρ
495 3302 572 3370 τὰ
620 3312 876 3391 συνεχές
919 3313 1055 3373 ἐστι
1098 3311 1208 3371 καὶ
1253 3302 1328 3371 τὸ
1375 3309 1714 3372 κινεῖσθαι
1754 3301 1873 3371 δύο
1911 3300 2222 3385 κινήσεις·
2269 3300 2523 3386 ἀνάγκη

321 3404 469 3495 γάρ,
516 3408 575 3474 εἴ
613 3434 685 3493 γε
730 3407 833 3474 ἀεὶ
878 3412 1062 3475 ἔσται
1106 3404 1376 3493 συνεχὴς
1418 3412 1665 3492 γένεσις
1707 3411 1818 3474 καὶ
1863 3405 2123 3500 φθορά,
2169 3405 2273 3473 ἀεὶ
2307 3410 2427 3491 μέν
2461 3429 2526 3469 τι

325 3514 693 3589 κινεῖσθαι,
740 3515 852 3578 ἵνα
894 3506 987 3596 μὴ
1032 3514 1445 3576 ἐπιλείπωσιν
1490 3502 1687 3576 αὗται
1732 3516 1802 3576 αἱ
1844 3513 2231 3597 μεταβολαί,
2276 3506 2393 3573 δύο
2440 3505 2523 3585 δ’,

324 3610 501 3691 ὅπως
543 3609 636 3700 μὴ
687 3611 980 3701 θάτερον
1025 3615 1352 3703 συμβαίνῃ
1394 3610 1623 3699 μόνον.
1706 3616 1825 3694 τῆς
1866 3619 1987 3699 μὲν
2030 3606 2150 3681 οὖν
2194 3612 2526 3696 συνεχείας

324 3715 367 3797 ἡ
412 3719 554 3782 τοῦ
599 3712 796 3783 ὅλου
841 3710 1060 3806 φοραὶ
1105 3712 1315 3795 αἰτία,
1359 3720 1478 3784 τοῦ
1524 3719 1591 3783 δὲ
1635 3720 1977 3804 προσίεναι
2019 3720 2130 3783 καὶ
2174 3713 2436 3780 ἀπιέναι
2479 3711 2523 3792 ἡ

325 3821 704 3903 ἔγκλισις.
732 3857 820 3868 -
864 3822 1154 3885 Fixarum
1196 3824 1390 3908 igitur
1430 3820 1754 3887 stellarum
1791 3822 2054 3908 sphaera
2094 3828 2193 3884 est
2225 3817 2384 3883 illud
2420 3814 2525 3883 ἀεὶ

325 3919 632 4000 ὡσαύτως
657 3927 977 4008 ἐνεργοῦν,
1003 3925 1272 4010 sphaera
1300 3923 1455 3989 solis
1484 3928 1588 4003 (ac
1610 3926 1918 4010 sphaerae
1944 3923 2358 4010 planetarum,
2375 3943 2523 4008 qua·

325 4049 461 4091 rum
490 4027 571 4091 de
596 4028 1003 4092 distinctione
1037 4039 1101 4092 et
1130 4049 1396 4092 numero
1429 4026 1591 4091 infra
1621 4027 1977 4112 disputatur
2007 4030 2155 4106 c.8)
2186 4037 2283 4092 est
2312 4021 2389 4091 τὸ
2420 4016 2527 4089 ἆεὶ

330 4133 632 4215 ἐνεργοῦν
666 4126 878 4208 ἄλλως
906 4133 1015 4195 καὶ
1049 4125 1278 4207 ἄλλως.
1336 4131 1520 4194 Hanc
1551 4134 1745 4218 igitur
1778 4130 1932 4195 solis
1970 4131 2299 4217 sphaeram
2332 4152 2523 4216 quum

327 4230 482 4294 dicit
515 4232 780 4299 alterum
814 4247 1051 4301 motum
1088 4235 1324 4299 hahere
1359 4245 1585 4320 suapte
1621 4246 1860 4313 natura,
1898 4232 2159 4298 alterum
2194 4255 2312 4320 per
2351 4230 2525 4295 aliud

327 4332 676 4420 quidpiam,
723 4334 840 4402 ὡδὶ
882 4340 1003 4425 μὲν
1047 4336 1207 4404 καθ’
1247 4332 1410 4404 αὑτὸ
1456 4342 1756 4427 ἐνεργεῖν,
1807 4334 1926 4404 ὡδὶ
1970 4338 2039 4403 δὲ
2082 4334 2249 4402 καθ’
2289 4341 2525 4420 ἕτερον,
