3043 4973
478 251 618 332 178
972 186 979 196 ⁵
1314 253 1390 325 Γ
1426 249 1500 324 2.
1583 251 1852 326 ιοο4α.

471 432 808 519 putatione
842 429 925 495 de
961 430 1294 495 contrariis
1332 450 1407 493 ea
1442 427 1526 493 de
1556 450 1630 493 re
1662 429 2087 515 exposuimus.
2153 428 2443 495 Eandem
2479 428 2694 516 dispu-

475 538 783 600 tationem
819 533 974 599 alibi
1008 534 1327 622 διαίρεσιν
1354 533 1485 597 τῶν
1514 533 1830 597 ἐναντίων
1866 532 2151 619 appellat
2180 533 2228 597 Ι
2257 536 2317 599 3.
2352 536 2564 601 105441
2587 537 2691 613 30,

479 662 554 705 ac
587 642 841 725 saepius
877 640 943 702 in
973 637 1435 722 Metaphysicis
1465 639 1725 722 respicit
1752 636 1820 701 Γ
1842 640 1903 702 2.
1938 639 2143 703 10041)
2166 640 2271 703 34.
2310 639 2359 703 Ι
2383 641 2443 704 4.
2482 640 2693 705 105ὅό

477 746 584 811 28.
629 743 699 808 Κ
732 745 793 808 3.
828 743 1040 807 1061α
1066 743 1171 806 15.
1243 742 1469 805 Fuisse
1513 750 1724 808 autem
1770 763 1908 806 eam
1955 741 2443 827 disputationem
2487 741 2557 808 in
2598 764 2695 807 se-

479 847 692 916 cundo
735 845 904 912 libro
943 844 1025 910 de
1060 844 1240 909 bono
1279 844 1644 910 Alexander
1680 844 1762 910 ad
1794 845 2084 934 singulos
2122 847 2243 910 hos
2276 845 2460 912 locos
2495 846 2693 936 mod-o

481 951 779 1018 disertius
824 948 1022 1015 modo
1062 952 1262 1037 magis
1302 952 1602 1014 universe
1639 948 2083 1014 animadvertit
2120 973 2183 1037 p.
2213 951 2363 1030 206,
2392 952 2500 1017 22.
2544 952 2695 1030 218,

485 1059 588 1135 12,
625 1056 726 1120 15.
786 1055 933 1133 588,
967 1056 1030 1118 2.
1091 1056 1240 1131 616,
1273 1054 1336 1118 2.
1395 1055 1545 1132 669,
1578 1054 1684 1118 28.

617 1160 898 1225 100402
941 1158 1080 1222 καὶ
1120 1158 1487 1222 τοσαῦτα
1526 1162 1728 1244 μέρη
1759 1193 1846 1207 --
1881 1160 1926 1224 9
1964 1162 2044 1224 ἐν
2082 1165 2262 1235 τοῖς
2296 1153 2695 1243 μαθήμα-

422 1255 430 1303 *
486 1285 636 1332 σιν.
702 1264 882 1338 Haec
912 1260 1110 1326 verba
1141 1259 1505 1326 Alexander
1540 1284 1602 1348 p.
1634 1262 1782 1340 207,
1815 1264 1873 1343 4,
1918 1271 1990 1328 ut
2024 1265 2127 1326 via
2166 1285 2244 1326 ae
2278 1264 2529 1327 ratione
2571 1262 2697 1327 dis-

351 1443 358 1450 ⁸
483 1369 734 1456 putatio
772 1363 1099 1452 procedat,
1143 1364 1443 1450 ponenda
1486 1368 1705 1451 potius
1753 1388 1893 1432 esse
1938 1366 2278 1432 arbitratur
2312 1376 2464 1453 post
2503 1360 2589 1430 τοὶ
2627 1366 2697 1431 δὲ

486 1470 627 1551 εἴδη
669 1471 803 1536 τῶν
847 1469 1034 1535 εἰδῶν
1081 1470 1285 1535 10031)
1307 1469 1413 1547 22,
1459 1472 1648 1554 eique
1694 1474 2036 1536 assentitur
2065 1471 2529 1558 SchwegleruS,
2572 1473 2697 1535 nisi

491 1575 666 1662 quod
710 1576 869 1640 haec
910 1573 1109 1638 verba
1154 1592 1290 1638 non
1330 1583 1484 1659 post
1528 1573 1716 1640 εἰδῶν
1763 1577 1920 1653 ὁ22,
1977 1575 2094 1640 sed
2148 1587 2300 1661 post
2341 1569 2461 1640 τὸν
2504 1570 2698 1666 φιλό-

487 1699 706 1769 σοφον
743 1679 874 1744 ὁ19
917 1677 1225 1764 ponenda
1269 1698 1411 1742 esse
1456 1680 1785 1745 existimat.
1876 1680 1961 1743 Et
2003 1680 2398 1769 Schwegleri
2443 1678 2697 1765 quidem

488 1784 916 1848 coniecturam
963 1780 1184 1847 falsam
1235 1803 1376 1847 esse
1420 1781 1607 1846 facile
1654 1784 1851 1847 cnivis
1898 1785 2249 1870 apparebit,
2301 1786 2411 1869 qui
2455 1785 2699 1869 quaesi-

486 1889 684 1964 verit,
739 1885 1065 1972 quomodo
1126 1885 1206 1951 ab
1261 1886 1360 1949 his
1406 1884 1620 1952 verbis
1664 1888 1777 1952 καὶ
1820 1891 2118 1953 τοσαῦτα
2160 1927 2251 1938 —-
2293 1883 2701 1973 μαθήμασιν

488 1988 727 2056 deinde
780 1993 1078 2056 transitus
1133 1989 1279 2056 fieri
1335 1988 1654 2077 putandus
1705 1991 1788 2054 sit
1832 1990 1913 2056 ad
1959 1995 2244 2077 proxima
2288 1987 2587 2068 ἅπαντος
2629 1991 2699 2058 δὲ

486 2097 715 2179 γένους
757 2095 893 2159 κτλ..
985 2094 1326 2160 Alexandri
1385 2104 1595 2158 autem
1648 2099 1965 2159 sententia
2007 2117 2379 2183 quamquam
2425 2099 2698 2182 speciem

486 2197 805 2284 ¹quandam
848 2197 1043 2263 babet
1083 2201 1398 2276 veritatis,
1455 2208 1668 2262 tamen
1724 2220 1800 2262 ea
1855 2202 2273 2285 transpositio
2316 2221 2441 2263 nec
2484 2221 2701 2264 neces·

486 2303 654 2368 saria
710 2310 810 2367 est
863 2323 985 2367 nec
1028 2323 1192 2368 vero
1236 2304 1695 2368 sententiarum
1744 2302 1959 2368 ordini
2002 2303 2289 2389 prodest.
2379 2303 2701 2392 Vulgatus

489 2408 658 2472 enim
695 2405 861 2471 ordo
904 2403 1145 2495 optime
1181 2405 1396 2472 habet.
1469 2407 1811 2494 Postquam
1852 2406 2007 2473 dixit
2042 2402 2218 2472 ὥσθ’
2254 2403 2384 2474 ὅσα
2421 2430 2541 2495 περ
2581 2409 2705 2473 τοῦ

487 2504 637 2589 ἑνὸς
691 2509 859 2591 εἴδη,
916 2515 1213 2578 τοσαῦτα
1267 2512 1381 2577 καὶ
1431 2513 1553 2577 τοῦ
1598 2506 1790 2590 ὄντος
1832 2514 2041 2591 ἐστίν,
2094 2515 2472 2599 interposita
2520 2514 2702 2598 quasi

487 2636 606 2702 per
657 2618 1073 2702 parenthesin
1130 2618 1314 2683 huius
1372 2618 1732 2682 sententiae
1779 2615 2202 2704 explicatione
2245 2618 2412 2699 λέγω
2458 2614 2517 2681 δ’
2558 2612 2705 2682 οἷον

424 2772 432 2779 .
492 2754 576 2772 --
612 2722 947 2800 ἐναντίων,
990 2722 1256 2787 eandem
1302 2722 1809 2786 ratiocinationis
1852 2725 2017 2786 viam
2065 2720 2333 2807 amplius
2377 2722 2703 2808 persequi-

490 2835 597 2890 tur
641 2824 860 2890 dicens
903 2827 1016 2890 καὶ
1058 2828 1355 2892 τοσαῦτα
1395 2828 1563 2910 μέρη
1609 2827 2019 2916 φιλοσοφίας
2060 2826 2196 2889 κτλ.
2263 2823 2519 2911 Quodsi
2560 2846 2698 2889 cum

490 2927 854 2993 Alexandro
900 2928 1012 2993 bas
1061 2929 1542 2993 enunciationes
1588 2950 1781 3014 supra
1824 2932 2242 3015 posuerimuS‚
2287 2951 2510 3016 parum
2553 2938 2702 3017 apte

491 3031 574 3096 de
616 3030 905 3117 partibus
949 3030 1400 3118 philosophiae
1446 3032 1824 3097 Aristoteles
1872 3031 2084 3097 dicere
2127 3033 2477 3112 videbitur,
2531 3042 2705 3098 ante-

490 3157 678 3223 quam
722 3158 845 3223 qua
889 3138 1157 3215 ratione,
1201 3134 1482 3201 adbibita
1527 3139 1788 3202 unitatis
1831 3138 2120 3216 notione,
2166 3135 2486 3202 dividatur
2516 3140 2702 3202 notio

432 3320 435 3325 μ
489 3243 656 3306 entis
686 3243 1067 3327 exposuerit.
1095 3278 1177 3293 -
1209 3242 1301 3305 05
1336 3235 1612 3327 ὑπάρχει
1643 3233 1773 3329 γὰρ
1814 3235 2069 3318 εὐθὺς
2102 3245 2260 3324 γένη
2298 3244 2532 3328 ἔχοντα
2565 3243 2701 3307 κτλ.

432 3362 436 3367 ·
489 3344 771 3411 Similem
829 3367 1011 3411 usum
1057 3344 1345 3411 adverbii
1389 3339 1598 3421 εὐθύς
1640 3345 1719 3410 cf.
1768 3343 1912 3411 Cat.
1960 3348 2064 3410 12.
2115 3347 2236 3411 14α
2271 3348 2378 3412 32.
2440 3347 2560 3412 An.
2604 3366 2699 3432 pr.

489 3450 521 3513 I
560 3451 664 3514 16.
696 3451 826 3514 36α
850 3451 912 3514 6.
993 3451 1126 3517 Ens
1168 3460 1233 3514 et
1267 3471 1479 3528 unum,
1523 3450 1628 3528 ait,
1671 3460 1896 3535 suapte
1933 3459 2177 3532 natura,
2221 3446 2440 3529 εὐθύς,
2484 3454 2553 3515 in
2593 3471 2703 3537 ge-

433 3558 439 3571 *
487 3574 646 3617 nera
691 3550 1001 3638 quaedam
1052 3552 1435 3619 dividuntur.
1525 3553 1704 3616 Dicit
1761 3563 1969 3618 autem
2025 3559 2182 3636 γένη
2241 3557 2403 3618 entis
2462 3552 2700 3630 eadem,

432 3668 451 3721 ζ,
488 3677 653 3743 quae
698 3664 887 3721 antea
931 3655 1177 3723 dixerat
1219 3656 1357 3735 εἴδη
1404 3656 1608 3721 10031)
1632 3656 1736 3734 22,
1768 3657 1873 3720 33.
1939 3657 2118 3721 Haec
2157 3661 2292 3722 sive
2330 3677 2569 3745 genera
2610 3656 2703 3721 di-

488 3763 654 3826 xeris
712 3762 848 3825 sive
904 3763 1156 3847 species
1215 3763 1376 3825 entis
1434 3780 1628 3843 quum
1686 3758 1994 3847 dignitate
2046 3763 2213 3827 inter
2260 3782 2331 3826 se
2383 3760 2700 3840 differant,

435 3854 440 3960 J
489 3875 563 3929 nt
619 3874 919 3930 aeternae
972 3875 1040 3930 et
1084 3861 1443 3929 immobiles
1497 3862 1893 3930 substantiae
1941 3869 2191 3951 priores
2242 3869 2370 3931 sint
2426 3868 2699 3930 aeternis

437 3974 441 3979 ’
491 3977 559 4033 et
601 3967 948 4035 mobilibus
995 3979 1145 4049 cet„
1201 3978 1415 4057 partes
1460 3965 1940 4054 philosophiae,
1999 3992 2074 4035 ex
2131 3969 2241 4035 illa
2301 3973 2463 4035 entis
2507 3972 2699 4055 parti-

491 4073 672 4136 tione
715 4076 970 4159 petitae‚
1016 4072 1286 4139 eundem
1331 4076 1499 4137 inter
1544 4095 1618 4139 se
1661 4072 1991 4139 habebunt
2034 4074 2342 4155 ordinem,
2385 4086 2456 4141 ut
2498 4078 2698 4161 prima

437 4240 440 4245 .
490 4174 901 4264 philosophia
943 4180 1126 4263 prior
1161 4181 1244 4242 sit
1272 4199 1348 4242 ac
1383 4180 1606 4264 potior
1642 4199 1829 4264 quam
1866 4176 2199 4264 disciplina
2234 4179 2518 4266 physica,
2560 4202 2700 4266 per-

490 4278 642 4346 inde
686 4290 877 4367 atque
922 4285 991 4346 in
1034 4281 1302 4349 mathesi
1344 4283 1617 4367 primum
1663 4291 1813 4347 sunt
1855 4283 2212 4362 tractanda,
2269 4305 2431 4370 quae
2488 4287 2699 4349 notio·—

437 4398 441 4453 f
491 4388 592 4452 nis
635 4383 1036 4472 simplicitate
1070 4384 1333 4474 reliquis
1367 4385 1776 4452 antecellunt.
1826 4387 1906 4453 cf.
1936 4389 2004 4452 E
2031 4391 2089 4453 l.
2123 4390 2333 4455 1026α
2355 4390 2654 4454 23-32,

625 4490 835 4556 1004α
870 4492 916 4555 9
959 4492 1130 4557 ἐπεὶ
1180 4490 1263 4558 δὲ
1301 4493 1499 4579 μιᾶς
1546 4529 1630 4541 -
1674 4495 1764 4560 20
1808 4487 2285 4581 ἐπιστήμης.
2375 4494 2699 4581 Opposita
