3043 4973
1192 238 1267 311 Γ
1302 236 1375 312 2.
1457 237 1728 313 10040.
2035 247 2042 258 “
2426 243 2569 321 179

362 435 760 505 cognoscere
805 411 1090 482 eiusdem
1137 423 1234 480 est
1275 415 1583 481 scientiae
1627 415 1708 481 cf.
1750 415 1832 483 ad
1858 416 1929 483 B
1955 418 2020 482 2.
2049 418 2220 485 996«
2242 420 2360 498 2⁰3
2405 431 2567 511 ergo

358 523 695 600 scientiae,
750 539 913 605 quae
955 527 1246 585 versatur
1288 521 1354 585 in
1402 520 1874 609 cognoscendis
1918 522 2299 590 notionibus
2341 530 2569 596 unitati

362 636 431 691 et
474 627 789 690 essentiae
833 624 1160 703 subiectis,
1208 622 1412 688 eidem
1458 624 1862 692 tribuendum
1907 628 2059 705 erit,
2101 636 2175 691 ut
2217 642 2569 719 cognoscat

357 733 663 796 notiones
715 728 823 794 vel
878 731 975 795 his
1034 730 1368 818 oppositas
1409 726 1518 792 vel
1563 747 1728 814 quae
1769 728 1990 795 reduci
2032 735 2285 818 possint
2327 732 2409 798 ad
2454 755 2568 822 op-

356 837 616 921 positas.
704 834 884 899 Haec
936 837 1005 898 in
1060 836 1424 898 universum
1484 832 1710 897 horum
1767 834 2111 901 verborum
2170 845 2270 900 est
2316 841 2568 903 ratioci-

358 941 557 1003 natio.
637 937 770 1004 Sed
815 959 1005 1025 quum
1049 945 1325 1023 quatuor
1365 939 1493 1002 sint
1536 939 1963 1023 oppositionis
2008 960 2246 1028 genera
2292 940 2370 1005 cf·
2418 941 2468 1006 I
2503 944 2565 1009 4.

360 1045 570 1108 lo55a
593 1043 682 1108 38
720 1065 855 1130 sqq.
914 1045 974 1108 7.
1017 1044 1229 1108 1057a
1251 1043 1338 1107 33
1377 1061 1531 1128 sqq„
1578 1053 1643 1106 et
1685 1040 2027 1108 multitudo
2076 1044 2249 1131 quod
2294 1049 2567 1133 opponi·

357 1156 463 1213 tur
516 1149 742 1212 unitati
798 1145 906 1213 vel
964 1144 1046 1210 ad
1102 1146 1461 1233 negativam
1515 1145 1622 1211 vel
1666 1145 1749 1211 ad
1792 1149 2177 1234 privativam'
2211 1153 2568 1235 oppositio-

356 1273 504 1316 nem
544 1252 841 1318 videatur
880 1250 1107 1316 referri
1150 1270 1361 1336 posse,
1392 1249 1562 1315 -nihil
1608 1250 1874 1317 differre
1917 1251 2097 1317 addit
2136 1263 2346 1319 utrum
2383 1274 2567 1339 prae·

357 1343 606 1435 tuleriS,
665 1359 812 1443 quia
870 1359 1155 1445 cognitio
1208 1357 1304 1420 rei
1346 1354 1685 1420 cuiuslibet
1728 1356 2188 1443 complectatur
2230 1357 2415 1422 simul
2460 1379 2566 1423 co-

355 1463 712 1549 gnitionem
758 1469 823 1526 et
865 1464 1227 1550 negationis
1272 1468 1338 1523 et
1379 1460 1784 1544 privationiS‚
1844 1472 1910 1527 et
1956 1472 2251 1528 neutrum
2296 1464 2567 1550 cogitari

352 1567 560 1652 possit
614 1567 755 1630 sine
809 1567 1011 1651 ipsius
1061 1567 1155 1630 rei
1201 1566 1577 1652 cognitione
1633 1556 1789 1645 (ὃιά
1832 1557 1909 1631 τὸ
1955 1562 2345 1655 ἀμφοτέρως
2386 1567 2567 1630 Osm-

354 1670 631 1755 ρεῒσθαι
665 1663 745 1734 τὰ
785 1674 852 1734 ἕν
894 1671 1090 1750 all).
1159 1670 1233 1735 In
1270 1669 1636 1755 parenthesi
1674 1678 1883 1733 autem
1920 1669 2056 1733 1112
2095 1661 2141 1749 ἢ
2175 1663 2306 1758 γὰρ
2341 1667 2566 1747 ἀπλῶς

353 1774 630 1858 λέγομεν
675 1809 756 1824 -—
807 1775 892 1838 16
937 1769 980 1852 ἡ
1028 1775 1328 1859 στέρησις
1370 1771 1523 1859 quid
1565 1772 1922 1839 intercedat
1977 1772 2354 1839 discriminis
2398 1777 2566 1840 inter

349 1880 761 1965 negationem
810 1886 875 1941 et
916 1880 1340 1963 privationem
1388 1880 1669 1964 exponit.
1761 1878 2130 1964 Negatione
2186 1877 2344 1942 nihil
2389 1878 2566 1944 aliud

353 1980 585 2047 dicitur
628 1984 750 2046 nisi
793 1979 952 2045 illud
998 1979 1369 2068 simpliciter
1424 2003 1561 2047 non
1610 2002 1752 2046 esse
1797 1979 1973 2068 quod
2016 1993 2317 2069 negatum
2374 1984 2567 2071 signi·-

351 2083 583 2150 ficatur
624 2087 820 2174 igitur
861 2084 1149 2151 absentia
1194 2087 1330 2150 eius
1375 2084 1551 2171 quod
1594 2094 1883 2174 negatur,
1929 2107 2052 2152 nec
2096 2083 2432 2172 quidquam
2471 2090 2567 2152 in·-

356 2199 454 2254 est
495 2191 565 2253 in
608 2193 977 2277 negatione,
1022 2192 1145 2254 nisi
1187 2189 1254 2254 id
1301 2188 1475 2276 quod
1518 2198 1806 2278 negatur,
1850 2182 1927 2254 τὰ
1972 2194 2042 2257 ἐν
2086 2192 2166 2282 τῇ
2207 2185 2565 2280 ἀποφάσει,

358 2302 424 2359 et
466 2293 777 2379 particula
820 2293 1134 2382 negandi,
1180 2316 1302 2380 qua
1349 2291 1519 2362 aliud
1567 2292 1720 2380 quid
1764 2290 1845 2357 ah
1892 2293 2019 2358 hoc
2063 2293 2475 2373 discernatur,
2519 2291 2564 2375 ἡ

353 2392 668 2486 διαφορά.
758 2399 1040 2463 Privatio
1085 2419 1242 2463 vero
1288 2417 1423 2463 non
1467 2400 1748 2484 pertinet
1792 2397 1872 2460 ad
1919 2398 2258 2483 quidlibet,
2318 2397 2433 2463 sed
2478 2397 2564 2463 ad

354 2513 592 2567 certum
633 2502 952 2590 quoddam
993 2525 1213 2593 genus,
1259 2503 1341 2569 de
1380 2524 1509 2590 quo
1549 2500 1955 2589 praedicatur
1998 2504 2165 2583 (τινι
2208 2505 2379 2587 γένει
2411 2504 2565 2581 α13,

352 2603 739 2690 ὑποκειμένη
783 2632 882 2685 τις
927 2605 1124 2699 φύσις
1158 2610 1312 2686 «115,
1359 2608 1435 2672 cf.
1470 2609 1535 2672 6.
1583 2609 1786 2672 lollb
1814 2607 1956 2685 19).
2030 2603 2254 2670 Veluti
2300 2609 2562 2693 negatio

353 2706 472 2775 οὐκ
508 2708 654 2777 ἰ’σον
686 2712 846 2777 nihil
881 2713 1055 2779 aliud
1093 2712 1411 2801 significat
1453 2713 1577 2775 nisi
1618 2706 1736 2796 οὑχ
1770 2703 2084 2796 ὑπάρχειν
2117 2713 2322 2774 ἐκεῖνο
2362 2730 2449 2774 sc.
2486 2704 2563 2776 τὸ

349 2811 513 2892 ἴσον,
557 2816 693 2880 sive
738 2813 1070 2883 ἀπουσίαν
1112 2818 1233 2883 τοῦ
1275 2814 1439 2895 ἴσον,
1482 2836 1607 2879 nec
1660 2812 2000 2900 quidquam
2055 2815 2342 2879 continet
2382 2835 2563 2900 prae·-

350 2926 451 2983 ter
492 2911 570 2983 τό
617 2922 687 2984 ἐν
731 2922 810 3007 τῇ
857 2915 1197 3012 ἀποφάσει
1239 2923 1279 2986 i.
1312 2923 1368 2985 eL
1411 2913 1491 2986 τὸ
1537 2917 1703 2998 ἰ’σον,
1756 2930 1824 2984 et
1864 2918 2147 3007 negandi
2189 2918 2566 3004 particulam

350 3019 462 3100 οὐ,
519 3045 642 3108 qua
688 3020 805 3088 οὐκ
849 3024 995 3090 ἴσον
1042 3024 1418 3090 discernitur
1461 3024 1543 3089 ab
1590 3022 1738 3108 ἴσῳε
1796 3026 1850 3088 si
1902 3044 2059 3090 vero
2106 3017 2340 3089 ἄνισον
2386 3022 2566 3110 quid-

349 3131 515 3214 piam
562 3127 854 3210 dicimus,
913 3150 1049 3195 non
1103 3151 1441 3217 possumus
1500 3131 1655 3216 quin
1710 3137 1950 3193 certum
1994 3126 2312 3212 quoddam
2358 3148 2563 3214 genus

349 3232 796 3321 intelligamus,
846 3238 913 3300 in
959 3256 1088 3323 quo
1137 3245 1429 3301 cernatur
1471 3226 1803 3309 ἀνισότης,
1848 3228 2009 3295 illud
2054 3231 2342 3293 nimirum
2389 3229 2565 3314 quod

349 3337 755 3425 recipiendae
810 3338 917 3404 vel
976 3337 1343 3425 aequalitati
1398 3336 1503 3401 vel
1561 3330 1997 3421 inaequalitati
2053 3343 2278 3417 suapte
2338 3345 2565 3398 natura

351 3440 654 3507 idoneum
700 3453 826 3520 est3
873 3453 1063 3529 atque
1111 3465 1186 3507 ea
1233 3441 1486 3528 quidem
1534 3449 1632 3504 est
1676 3440 1970 3526 privatio.
2051 3435 2157 3502 Cf.
2205 3435 2286 3501 de
2332 3432 2565 3523 στερή-

349 3566 450 3612 σει
493 3546 577 3612 ad
621 3547 676 3614 A
713 3549 820 3612 22.
856 3585 937 3599 --
984 3548 1132 3635 Ipsa
1172 3546 1389 3624 verba,
1435 3544 1764 3610 salebrosa
1810 3540 2017 3606 adhuc
2059 3543 2126 3606 in
2174 3540 2563 3606 editionibus

351 3662 416 3715 et
460 3672 624 3738 quae
670 3650 862 3738 plane
908 3651 1206 3739 explicari
1250 3672 1384 3716 non
1430 3652 1698 3736 possint,
1743 3667 1817 3711 ex
1860 3644 2204 3711 Alexandri
2249 3666 2566 3711 commen-

351 3758 514 3819 tario
575 3754 658 3820 ad
716 3759 1056 3845 genuinam
1111 3756 1264 3819 mihi
1322 3753 1550 3820 videor
1593 3754 2022 3840 integritatem
2068 3752 2451 3825 restituisse3
2508 3751 2564 3814 is

351 3862 517 3925 enim
562 3881 686 3946 pro
731 3858 775 3941 ἡ
822 3857 1045 3937 ἁπλῶς
1087 3861 1403 3943 λεγομένη
1440 3860 1575 3923 α12
1612 3867 1678 3922 et
1712 3876 1833 3941 pro
1874 3854 2093 3938 ὲκείῦῳ
2130 3854 2266 3918 013
2304 3853 2565 3918 manife-

351 3972 454 4028 sto
513 3985 632 4029 suo
695 3985 731 4028 e
790 3972 967 4035 textu
1026 3963 1282 4029 exhibet
1330 3955 1375 4042 ἢ
1430 3956 1562 4049 γάρ
1621 3957 1844 4035 ἁπλῶς
1899 3960 2174 4042 λέγομεν
2230 3967 2296 4022 et
2338 3962 2562 4022 ἐκεῖνο.

353 4066 470 4133 llla
517 4067 877 4134 emendatio
924 4090 1060 4134 non
1106 4075 1256 4156 eget
1299 4064 1880 4140 commendatione3
1929 4064 2087 4128 haec
2130 4065 2184 4127 si
2231 4064 2332 4126 cui
2373 4059 2563 4125 dubia

353 4171 655 4253 videatur,
689 4176 959 4259 primum
995 4172 1299 4238 attendat!
1318 4173 1570 4260 opponi
1598 4172 1766 4235 inter
1795 4188 1866 4232 se
1896 4172 2101 4234 ἐκεῖνο
2138 4163 2409 4242 ἁπλῶς
2447 4160 2566 4247 οὐχ

350 4271 624 4364 ὑπάρχει
662 4290 729 4343 et
770 4282 975 4345 ἐκεῖνο
1013 4283 1239 4363 γένει
1276 4278 1441 4343 τινὶ
1479 4272 1600 4361 οὐχ
1633 4267 1925 4360 ὑπάρχει,
1964 4271 2198 4337 deinde
2237 4275 2566 4356 comparet

353 4401 493 4446 cum
534 4381 749 4449 verbis·
797 4379 917 4469 οὐχ
960 4379 1239 4474 ὑπάρχει
1281 4387 1487 4448 ἐκεῖνο
1532 4381 1818 4468 proxima
1861 4374 2153 4445 ἀπουσία
2198 4375 2461 4441 ἐκείνου.

2053 4484 2119 4536 12
2137 4481 2161 4506 “
