3043 4973
1137 232 1219 302 N
1266 229 1329 303 1.
1411 229 1684 306 1087a.
2368 226 2515 307 569

307 408 660 495 sequimur,
702 409 922 494 inepte
967 405 1050 473 ad
1093 403 1375 486 analag,
1396 411 1437 473 i.
1474 430 1531 474 e.
1579 399 1918 487 αἰσθητὰς
1956 403 2218 484 οὐσίας,
2260 405 2516 473 additur

307 511 673 590 καὶᾶδόας,
730 511 896 577 hanc
941 513 994 576 si
1038 511 1412 598 probamuS,
1463 511 1629 576 illud
1682 508 2022 587 αὐτοεῒδος
2065 510 2146 575 ab
2195 507 2374 575 Alex.
2419 514 2521 577 in·

308 624 570 681 ventum
623 624 858 681 vereor
911 624 982 681 ut
1025 613 1477 681 Aristoteleum
1525 617 1633 694 sit,
1682 637 1807 680 nec
1849 635 2037 700 pron.
2083 612 2280 679 indes.
2325 637 2390 679 τι
2432 613 2518 681 ad

312 724 390 786 ἕν.
416 722 508 784 a6
553 728 698 806 apte
741 719 995 787 videtur
1038 717 1324 785 additum
1358 739 1521 783 esse.
1597 720 1821 805 Itaque
1854 716 2024 784 haud
2053 720 2188 783 scio
2219 738 2303 782 an
2333 720 2518 783 omis-

310 827 397 889 sis
441 848 543 889 vv.
587 824 700 889 καὶ
743 823 921 899 letae
962 824 1141 908 prior
1186 820 1524 907 explicatio
1570 821 1942 909 accipienda
1986 824 2082 885 sit.

441 927 572 993 lam
618 926 699 991 ad
745 924 1156 992 dirimendam
1202 930 1636 1011 quaestionem
1686 948 1793 991 eas
1828 925 2015 991 diluit
2042 927 2341 1004 rationes,
2387 929 2521 1012 qui-

312 1031 433 1096 bus
489 1029 575 1095 ad
629 1030 1011 1099 universalia
1070 1032 1382 1116 principia
1436 1032 1586 1117 cogi
1630 1029 2020 1095 videbamur.
2114 1029 2211 1094 Ac
2253 1033 2519 1116 primum

312 1134 595 1221 quidem,
636 1137 959 1213 a7—lo,
1002 1154 1137 1198 non
1185 1154 1324 1198 esse
1371 1154 1535 1219 opus
1581 1132 2002 1199 universalem
2044 1137 2144 1198 rei
2185 1137 2519 1199 notionem

311 1250 626 1325 tamquam
681 1259 879 1304 unum
937 1237 1261 1324 quidpiam
1320 1248 1385 1303 et
1440 1259 1560 1324 per
1614 1258 1683 1302 se
1734 1240 2041 1303 exsistens
2088 1248 2344 1323 praeter
2384 1260 2521 1304 rem

312 1347 502 1430 poni,
562 1341 854 1429 exemplo
912 1342 1194 1407 breviter
1251 1341 1445 1409 allato
1493 1340 1853 1418 contendit;
1911 1344 2002 1406 ita
2045 1340 2233 1407 simul
2272 1363 2392 1407 eae
2439 1339 2521 1407 de

312 1450 641 1535 principiis
699 1446 1107 1512 difficultates
1166 1458 1586 1526 evanescunt,
1642 1467 1805 1532 quae
1860 1443 2014 1510 inde
2072 1456 2253 1510 erant
2309 1456 2521 1523 ortae3

316 1553 395 1617 cf.
430 1554 519 1618 M
537 1554 582 1618 3
629 1562 695 1619 et
739 1550 820 1616 ad
863 1551 937 1615 A
964 1553 1027 1616 6.
1058 1550 1218 1616 9871»
1243 1552 1305 1617 8.
1395 1551 1652 1616 Deinde
1694 1572 1908 1637 neque
1952 1549 2336 1634 universalia
2383 1571 2523 1615 esse

315 1666 593 1744 oportet,
639 1677 804 1743 quae
849 1658 994 1721 sciri
1032 1654 1317 1719 velimus·
1393 1655 1713 1721 scientiae
1760 1657 1925 1720 enim
1954 1656 2348 1739 ,potentia
2393 1657 2526 1740 qui-

319 1761 466 1831 dem
522 1758 899 1826 universalis
956 1768 1056 1825 est
1111 1768 1175 1823 et
1228 1759 1314 1824 ad
1357 1760 1740 1826 universalia
1785 1760 2092 1847 pertinet,
2150 1768 2375 1824 actus
2418 1782 2524 1825 au·

316 1875 444 1931 tem
500 1868 638 1953 ipse
695 1864 1002 1939 definitus
1061 1872 1158 1928 est
1206 1872 1288 1927 et.
1319 1862 1582 1929 definita
1628 1888 1704 1930 ac
1748 1862 2091 1951 singularia
2138 1862 2528 1950 contempla-

315 1980 448 2049 tur,
484 1971 838 2037 alo—25.
874 1971 936 2050 ¹)
981 2008 1068 2020 --
1110 1970 1242 2034 a17
1293 1966 1376 2033 de
1435 1968 1793 2034 omittendo
1852 1978 1967 2033 art.
2025 1970 2145 2033 τοῦ
2198 1976 2349 2054 post
2401 1961 2525 2047 ὕλη
2608 1958 2613 1961 ’

319 2073 396 2138 cf.
444 2072 605 2139 Obe.
649 2096 712 2159 p.
746 2076 850 2140 57.

1218 2234 1626 2247 -———--—-——-—n

1356 2452 1491 2555 N.

1246 2651 1473 2727 CAP.
1541 2654 1600 2727 Ι.

450 2801 539 2882 2)
583 2796 1012 2864 Aeternarum
1053 2793 1566 2864 substantiarum
1610 2818 1739 2862 non
1776 2818 1976 2884 posse
2018 2820 2161 2863 esse
2189 2800 2530 2885 principia

319 2905 679 2984 contum-ia,
727 2901 938 2967 1⁰87a
976 2903 1167 2968 29-
1182 2902 1283 2966 ῠ4.
1352 2902 1703 2981 Platonici,
1751 2925 1944 2990 quum
1973 2905 2309 2968 contraria
2332 2926 2530 2990 pone-

320 3017 465 3076 rent
497 3026 629 3092 pro
670 3008 1044 3104 principiis,
1090 3007 1367 3072 alterum
1411 3029 1448 3071 e
1491 3009 1846 3072 contrariis
1888 3010 2204 3072 materiae
2240 3008 2381 3086 loco
2414 3006 2531 3074 Iza-

321 3112 594 3182 buerunt
621 3148 710 3161 -
742 3113 865 3176 105·
839 3155 859 3191 ‚
893 3134 1115 3178 eorum
1143 3112 1370 3178 varias
1397 3113 1755 3177 sententias
1777 3110 1891 3176 Ar.
1921 3122 2254 3176 enumerat
2280 3147 2358 3161 -—-
2385 3111 2530 3194 b33‚

431 3259 496 3330 1)
541 3263 662 3314 Non
698 3263 927 3314 sufficere
961 3264 1090 3315 hanc
1129 3262 1431 3314 diiudicandi
1470 3261 1744 3324 rationem,
1787 3263 1876 3313 sed
1917 3262 2072 3315 nimia
2112 3263 2306 3315 levitate
2350 3261 2532 3314 versari

322 3348 641 3403 Mmtelm
671 3348 728 3400 in
760 3347 1040 3402 dirimenda
1061 3368 1121 3401 ea
1143 3348 1449 3409 difficultate,
1483 3368 1614 3417 quae
1637 3368 1728 3401 sua
1748 3348 1902 3418 ipsius
1923 3349 2102 3418 placita
2123 3362 2335 3418 premat,
2371 3368 2532 3417 quum

323 3435 583 3506 perspicue
608 3435 926 3505 exposuerint
947 3436 1112 3487 Zeller
1133 3434 1229 3487 Ph.
1256 3435 1305 3486 d.
1328 3434 1420 3486 Gr.
1444 3436 1506 3486 Π.
1530 3456 1583 3505 p.
1608 3450 1702 3489 405
1731 3454 1839 3504 sqq.
1875 3435 2078 3508 Heyder
2099 3436 2248 3488 Arist.
2272 3435 2406 3488 Dial.
2431 3436 2457 3487 Ῑ
2483 3451 2529 3490 1.

325 3543 376 3593 Ρ.
402 3536 494 3577 181
522 3542 649 3591 sqq„
683 3521 855 3591 paucis
890 3520 1184 3588 significasse
1219 3521 1334 3573 satis
1371 3522 1477 3574 erit.
1550 3520 1857 3573 Universalia
1891 3542 1996 3573 esse
2033 3542 2160 3592 quae
2195 3542 2309 3574 vere
2345 3542 2531 3587 cogno-

326 3621 526 3660 scantur
560 3607 658 3658 sive
692 3627 785 3678 per
818 3607 1155 3680 syllogismum
1199 3607 1298 3660 sive
1343 3629 1436 3678 per
1470 3607 1836 3669 definitionem,
1882 3622 2112 3660 constans
2150 3623 2224 3660 est
2256 3609 2532 3661 Aristotelis

327 3694 581 3757 sententia,
617 3713 782 3764 neque
819 3714 877 3745 ea
912 3695 1132 3747 restricta
1167 3696 1230 3746 ad
1266 3694 1595 3760 cognoscendi
1616 3695 1909 3764 potentiam,
1947 3697 2008 3747 cf.
2035 3697 2168 3748 adB
2190 3702 2429 3750 6.1003⁰
2451 3710 2530 3749 14.

327 3783 404 3834 Ac
437 3783 665 3851 profecto
700 3781 741 3832 si
777 3779 887 3850 quis
921 3797 1058 3832 nunc
1101 3780 1269 3851 ipsum
1312 3782 1571 3836 theorema
1612 3780 1970 3846 geometricum
2013 3782 2270 3852 perspicit,
2310 3780 2351 3832 si
2385 3782 2532 3854 syllo-

324 3868 542 3934 gismum
576 3866 777 3921 conficit
809 3866 999 3935 primae
1032 3868 1236 3932 figurae,
1271 3885 1377 3920 non
1411 3866 1650 3936 potentia,
1685 3868 1774 3928 sed
1808 3881 1921 3919 actu
1957 3868 2208 3933 cognoscit
2226 3868 2532 3921 universalia.

328 3956 400 4008 At
432 3974 552 4007 vero
585 3953 789 4006 scientia
825 3954 890 4005 ad
925 3973 986 4005 ea
1019 3954 1280 4005 reserenda
1313 3966 1402 4016 est,
1438 3973 1568 4026 quac
1603 3967 1773 4020 sunt;
1808 3954 2017 4007 essentia
2039 3969 2223 4017 autern,
2257 3956 2447 4007 seclusa
2469 3956 2534 4007 ab

328 4039 699 4103 universalibus,
723 4039 869 4092 unice
892 4040 1158 4092 tribuenda
1182 4053 1255 4091 est
1276 4039 1559 4091 substantiis
1582 4039 1797 4106 singulis,
1822 4043 1871 4092 Z
1900 4056 1980 4096 13.
2000 4107 2007 4116 ἐ
2035 4041 2194 4093 Inde
2178 4062 2232 4093 m
2254 4061 2535 4112 repugnan-

328 4124 449 4177 tiam
483 4126 812 4178 inevitabilem
850 4129 939 4179 Ar.
977 4127 1170 4190 incidit,
1208 4146 1362 4197 quam
1397 4145 1502 4177 non
1536 4139 1701 4196 potest
1736 4127 1891 4179 videri
1925 4127 2147 4190 solvisse,
2183 4149 2342 4199 quum
2376 4142 2533 4179 mate-

328 4209 428 4262 riae
466 4224 515 4262 et
547 4213 754 4275 formae,
788 4213 1038 4283 potentiae
1073 4228 1123 4266 et
1157 4226 1295 4265 actus
1331 4211 1596 4263 discrimen
1632 4213 1847 4278 adhibet,
1882 4230 2140 4286 tamquam
2165 4229 2451 4286 promptam
2478 4234 2535 4265 ac

328 4310 550 4367 paratam
586 4298 650 4349 ad
685 4298 855 4352 omnia
888 4301 1161 4374 systematis
1195 4301 1400 4351 vulnera
1434 4299 1699 4362 medelam,
1734 4315 1785 4353 et
1817 4302 2092 4372 potentiam
2127 4300 2273 4352 unice
2305 4300 2532 4352 scientiae

329 4401 434 4438 non
465 4383 625 4455 ipsam
661 4399 774 4438 actu
810 4387 1065 4444 scientiam
1101 4385 1391 4441 universalia
1425 4400 1649 4456 spectare
1683 4386 1967 4457 simpliciter
2000 4409 2030 4441 c
2043 4407 2117 4441 on
2128 4386 2343 4439 tendit.
