3043 4973
1157 228 1235 300 A
1281 225 1351 300 6.
1426 222 1574 300 987
1591 224 1656 300 b.
2407 221 2502 298 91

294 398 524 467 sibiles
558 408 772 488 negat,
807 399 901 465 ibi
933 410 1197 489 usurpat
1228 422 1372 466 voc.
1406 395 1771 486 ὁμώνυμος,
1803 400 1885 467 cf.
1914 400 1986 468 A
2015 404 2077 467 9.
2106 401 2276 467 9910
2299 403 2360 481 6,
2393 422 2515 467 nec

295 504 504 593 longe
548 503 676 570 alia
718 502 973 570 videtur
1014 508 1183 571 ratio
1226 525 1369 571 esse
1414 507 1550 572 eius
1595 504 1754 585 loci,
1811 505 1895 571 do
1950 526 2079 592 quo
2129 526 2261 572 uno
2307 507 2514 592 possit

298 606 587 674 dubitari
629 609 692 672 9.
736 610 899 674 9901·
929 611 991 674 6.

432 712 599 776 9871>
639 711 727 775 10
779 705 930 791 τὴν
984 713 1068 779 δὲ
1121 709 1474 797 μέθεξιν
1515 748 1606 761 -
1654 713 1736 778 14
1781 716 1864 779 ἐν
1919 715 2165 797 κοινῷ
2221 712 2513 794 ζητεῖν.

299 814 701 902 Pythagorei
736 815 908 901 quod
942 814 1139 882 modo
1176 836 1474 882 numeros
1511 818 1722 882 inesse
1756 815 1948 882 rebus
1978 826 2271 893 statuere,
2315 816 2511 883 modo

301 941 405 985 res
450 918 536 983 ad
580 939 984 985 numerorum
1032 918 1384 1005 exemplum
1431 918 1746 1007 effingere
1791 919 2091 985 dicuntur
2143 918 2224 986 ab
2273 920 2516 986 Aristo-

304 1023 465 1103 tele,
524 1023 593 1089 id
649 1029 949 1109 qua'ntum
1009 1022 1267 1088 differat
1322 1045 1512 1110 supra
1573 1032 1668 1087 est
1713 1025 2065 1110 expositum
2111 1023 2192 1090 ad
2237 1026 2298 1090 5.
2345 1026 2514 1091 986·

306 1129 395 1192 13
437 1149 576 1213 sqq.
667 1124 832 1192 Cum
889 1126 1011 1191 hac
1065 1138 1275 1192 autem
1331 1121 1600 1212 μιμήσει
1655 1127 2086 1215 Pythagorica
2145 1148 2516 1214 comparare

302 1227 582 1314 μέθεξιν
625 1252 664 1296 a
708 1230 981 1296 Platone
1024 1233 1297 1317 positam
1345 1253 1425 1296 eo
1472 1233 1670 1318 magis
1725 1234 1794 1297 in
1837 1242 2092 1317 promtu
2139 1252 2280 1298 esse
2325 1232 2517 1298 debe-

306 1335 421 1400 bat
462 1333 833 1412 Aristoteli,
878 1337 1175 1421 quoniam
1220 1334 1405 1400 Plato
1452 1333 1648 1414 ideas,
1692 1356 1768 1400 ex
1812 1333 2040 1421 quibus
2084 1357 2292 1402 rerum
2338 1345 2518 1404 natu·

304 1459 436 1502 ram
483 1448 824 1524 repeteret,
867 1447 933 1503 et
975 1441 1144 1524 ipsas
1190 1438 1272 1504 ad
1316 1459 1619 1504 numeros
1663 1438 1986 1505 retulerat.
2053 1438 2262 1524 Quam
2307 1449 2518 1505 autem

294 1541 599 1608 ‘dicerent
640 1539 812 1607 illam
857 1543 994 1606 sive
1036 1542 1449 1608 imitationem
1496 1544 1630 1607 sive
1670 1544 2177 1608 communionem
2212 1552 2518 1628 utrosque

304 1649 559 1710 inmsat
612 1648 680 1710 in
734 1644 950 1712 medio
1005 1643 1355 1730 reliquisse.
1444 1644 1687 1711 Similia
1741 1645 1997 1711 Platoni
2055 1645 2275 1712 obiicit
2327 1648 2414 1712 H
2454 1647 2517 1712 6.

309 1750 517 1814 10456
554 1751 629 1815 8ι
692 1750 806 1814 καὶ
863 1745 1076 1815 αἴτιον
1130 1751 1197 1814 τί
1253 1750 1373 1829 τῆς
1425 1746 1758 1834 μεθέξεως
1811 1750 1924 1814 καὶ
1978 1749 2045 1814 τί
2097 1742 2176 1815 τὸ
2233 1752 2520 1835 μετέχειν

308 1845 699 1937 ἀποροῦσιν.
787 1855 861 1918 Λ
912 1853 1015 1918 10.
1064 1853 1268 1918 1⁰75b
1311 1854 1420 1918 19:
1467 1845 1578 1917 διὰ
1621 1855 1687 1917 τί
1730 1846 1859 1940 γὰρ
1902 1855 2207 1937 μετέσχεν
2249 1844 2296 1933 ἢ
2335 1855 2521 1937 μετέ-

301 1980 439 2041 χεις
485 1957 622 2021 κτλ.
713 1954 965 2040 Quibus
1012 1976 1049 2019 e
1092 1953 1252 2022 locis
1297 1954 1510 2020 Zeller
1554 1954 1714 2020 Plat.
1760 1956 1944 2022 stud.
1987 1980 2050 2043 p.
2080 1958 2214 2022 235
2257 1955 2520 2045 colligit,

309 2058 723 2126 Aristotelem
769 2061 1231 2126 communionis
1274 2057 1443 2126 illius
1488 2079 1623 2124 non
1669 2069 1795 2126 tam
1854 2064 2184 2126 notionem
2243 2069 2308 2125 et
2362 2058 2523 2126 defi-

308 2167 655 2243 nitionem,
710 2186 897 2251 quam
954 2184 1203 2230 causam
1262 2161 1686 2243 desiderasse,
1743 2163 1857 2230 sed
1918 2185 2151 2230 vereor
2206 2173 2279 2231 ut
2325 2174 2520 2231 recte.

309 2270 458 2333 Hoc
517 2272 684 2335 enim
742 2267 893 2333 loco
948 2266 1103 2333 nibil
1150 2266 1323 2332 aliud
1367 2269 1489 2331 nisi
1534 2268 1636 2343 τίς
1681 2264 1721 2347 ἡ
1764 2265 2063 2352 μέθεξις,
2117 2266 2322 2335 altero
2368 2266 2519 2334 loco

311 2394 446 2438 non
491 2371 701 2438 solum
747 2365 859 2436 διὰ
900 2373 983 2449 τί,
1028 2369 1144 2435 sed
1186 2369 1375 2436 simul
1415 2370 1479 2435 τί
1521 2362 1600 2434 τὸ
1643 2372 1931 2455 μετέχειν
1974 2375 2270 2437 omissum
2313 2395 2351 2437 a
2381 2372 2522 2438 Pla·-

310 2489 469 2543 tone
514 2479 827 2564 arguitur,
885 2474 965 2540 cl.
1012 2477 1074 2543 9.
1120 2477 1291 2540 991α
1326 2476 1444 2540 203
1499 2467 1578 2539 τὸ
1634 2473 1704 2539 δὲ
1760 2475 1970 2559 λέγειν
2015 2477 2523 2564 παραδείγματα

312 2577 487 2646 αὐτὰ
546 2577 715 2646 εἶναι
768 2580 882 2645 καὶ
925 2583 1295 2663 μετέχειν
1338 2575 1558 2645 αὐτῶν
1603 2568 1814 2644 τᾶλλα
1856 2581 2337 2664 κενολογεῖν
2380 2583 2521 2646 ἐστὶ

311 2685 449 2750 κτλ.
542 2683 847 2751 Ceterum
893 2686 1031 2748 sive
1074 2704 1321 2749 causam
1367 2685 1502 2747 sive
1557 2686 1758 2768 ipsam
1803 2693 2088 2748 naturam
2131 2688 2525 2750 communio-

314 2791 413 2854 nis
457 2788 798 2854 Platonem
857 2788 924 2851 in
978 2784 1192 2853 medio
1239 2785 1395 2850 dicit
1433 2784 1800 2870 reliquisse,
1853 2786 2120 2872 perinde
2163 2789 2378 2874 iniqua
2426 2798 2524 2854 est

311 2893 755 2979 reprehensio.
829 2891 937 2955 De
979 2910 1166 2954 causa
1212 2889 1291 2955 οἱ.
1339 2888 1419 2953 ad
1454 2891 1625 2955 9880
1650 2891 1711 2970 9,
1755 2887 1838 2955 de
1879 2900 2099 2955 natura
2138 2900 2348 2957 autem
2386 2894 2521 2956 eius

312 2997 801 3073 communionis,
845 3015 1006 3080 quae
1039 2992 1231 3058 rebus
1264 2992 1534 3082 singulis
1567 2997 1650 3060 sit
1684 3015 1825 3059 cum
1860 2993 2037 3071 ideis,
2079 3016 2308 3083 magna
2341 3005 2524 3082 parte

310 3099 560 3188 dialogi
602 3096 992 3164 Parmenidis
1039 3096 1223 3161 Plato
1269 3097 1633 3184 disputavit.
1724 3098 1943 3162 Potuit
1992 3119 2147 3163 sane
2191 3110 2524 3186 utrumque

312 3224 450 3268 non
496 3202 796 3269 sufficere
842 3201 1200 3280 Aristoteli,
1256 3224 1393 3269 non
1448 3204 1662 3289 potuit
1715 3222 1870 3266 vere
1924 3200 2136 3267 dicere
2183 3224 2260 3269 ea
2301 3224 2337 3267 a
2384 3201 2526 3268 Pla-

315 3318 473 3372 tone
521 3311 589 3371 in
631 3305 841 3372 medio
889 3327 1031 3371 esse
1071 3305 1312 3372 relicta.

450 3413 616 3478 987⁶
659 3413 740 3476 14
794 3410 913 3475 ἔτι
966 3410 1048 3474 δὲ
1102 3403 1325 3498 παρὰ
1383 3405 1482 3475 τὰ
1538 3401 1917 3489 αἰσθητοὶ
1975 3446 2056 3463 —-
2106 3411 2193 3475 18
2242 3403 2521 3494 μόνον.

318 3517 475 3580 Tria
520 3537 730 3581 rerum
776 3534 1013 3602 genera
1058 3517 1354 3600 posuisse
1395 3513 1755 3593 Platonem,
1811 3513 2135 3580 sensibilia
2190 3514 2526 3579 matbema-

315 3622 444 3684 tica
488 3619 696 3699 ideas,
754 3626 1121 3682 constanter
1169 3616 1384 3682 multis
1428 3616 1589 3683 locis
1634 3619 1832 3684 refert
1873 3618 2278 3697 Aristoteles,
2336 3617 2416 3684 cf.
2461 3621 2526 3682 9.

312 3725 483 3788 992⁵
509 3725 613 3790 14.
669 3722 738 3788 Β
785 3724 845 3787 1.
890 3724 1052 3788 9951»
1087 3723 1190 3787 16.
1249 3723 1312 3787 2.
1357 3724 1518 3787 997ῠ
1548 3723 1650 3787 12.
1708 3725 1769 3788 6.
1817 3724 2018 3788 lomb
2046 3724 2129 3787 12
2167 3742 2300 3808 sqq.
2360 3722 2423 3785 Z
2460 3723 2525 3787 2.

320 3828 527 3892 10281»
553 3831 656 3892 19.
712 3827 786 3893 Κ
823 3830 881 3892 l.
931 3827 1133 3891 1059&
1159 3826 1203 3892 4
1240 3847 1371 3912 sqq.
1427 3827 1504 3892 A
1541 3828 1599 3891 1.
1642 3828 1850 3892 1069«
1873 3828 1980 3892 34.
2050 3827 2139 3891 Et
2182 3848 2217 3890 a
2259 3824 2527 3891 sensibi-

316 3929 489 3996 libus
533 3930 791 4016 quidem
832 3932 1031 3997 rebus
1072 3929 1334 3995 differre
1379 3930 1845 3995 mathematicas
1899 3940 2162 3996 aeterna
2205 3940 2272 3994 et
2313 3932 2529 3995 immu-

318 4034 503 4099 tabili
548 4047 777 4100 natura
821 4033 1145 4115 (ἀκίνητα
1175 4036 1323 4113 1216,
1369 4033 1449 4098 cf.
1495 4032 1709 4098 Zeller
1736 4033 1896 4099 Phil.
1941 4033 2003 4099 d.
2037 4034 2153 4099 Gr.
2179 4034 2260 4099 11.
2301 4057 2364 4119 p.
2395 4035 2530 4100 250

319 4142 531 4220 not.),
588 4138 670 4203 ab
723 4139 888 4205 ideis
933 4127 1139 4203 autem
1188 4158 1300 4215 eo,
1356 4137 1531 4223 quod
1588 4138 2062 4203 mathematicae
2118 4139 2375 4225 quidem
2426 4136 2530 4203 res‘

317 4240 606 4307 eiusdem
653 4241 901 4308 formae
945 4240 1318 4307 indefinitae
1361 4263 1630 4307 numero
1676 4251 1848 4320 sunt,
1905 4241 2049 4307 idea
2093 4264 2250 4308 vero
2296 4241 2531 4330 quaeli-

315 4345 429 4413 bet
470 4344 849 4432 simpliciter
894 4355 992 4412 est
1036 4367 1194 4426 una,
1237 4344 1316 4412 cf.
1364 4346 1429 4412 B
1473 4349 1537 4415 6.
1582 4345 1625 4411 l.
1671 4344 1741 4410 l.:
1796 4339 2043 4431 τὰμὲν
2083 4340 2532 4432 μαθηματικοὶ
