3043 4973
1111 231 1188 300 Z
1237 228 1346 303 ιο.
1433 229 1700 306 masa.
1806 247 1811 252 ·
2148 189 2153 192 ’
2365 234 2505 308 337

295 411 398 468 tur
443 402 536 468 rei
581 422 717 466 non
759 411 859 468 est
901 407 1168 472 omnino
1213 404 1506 472 definitio
1552 411 1674 486 «5,
1720 407 1836 476 sed
1878 406 2239 480 adhihenda
2283 421 2380 474 est
2424 409 2507 476 ad

297 508 432 572 eius
480 508 946 593 coguitionem,
993 511 1214 594 prouti
1257 510 1365 574 vel
1407 510 1772 578 sensibilem
1818 511 2010 578 habet
2050 512 2157 578 vel
2198 514 2507 600 cogitabi-

295 607 417 674 lem
477 612 829 689 materiam,
889 633 963 676 ea
1010 613 1323 680 sentiendi
1373 612 1780 700 cogitandive
1825 618 2023 693 actio,
2081 638 2201 702 qua
2247 621 2505 684 materia

294 715 715 800 percipiatur;
774 724 963 801 atque
1021 719 1075 780 si
1131 738 1236 781 res
1294 728 1592 781 concreta
1653 728 1796 783 actu
1842 739 1981 782 esse
2026 718 2131 783 vel
2179 731 2322 787 actu
2366 744 2507 807 per-

298 818 425 901 cipi
469 815 743 895 desierit,
789 817 1046 884 dubium
1097 830 1193 885 est
1239 833 1442 885 utrum
1489 824 1571 884 sit
1612 842 1836 900 necne,
1881 821 2030 886 licet
2074 826 2392 892 etiamtum
2429 847 2506 892 ex

297 918 517 985 eadem
564 923 832 986 notione
878 922 1218 988 universali
1256 934 1320 988 et
1349 923 1710 1010 appelletur
1744 936 1807 990 et
1837 924 2194 994 definiatur.
2263 929 2507 1014 (Quod

294 1021 492 1112 vulgo
528 1024 859 1090 exhibetur
882 1029 969 1092 αδ
1001 1023 1535 1103 ἀπελθόντας
1566 1029 1893 1113 quomodo
1921 1029 2025 1096 vel
2047 1037 2332 1097 construi
2358 1054 2506 1118 pos·

292 1128 377 1217 sit
415 1127 523 1191 vel
565 1128 840 1219 intelligi
880 1151 1014 1195 non
1052 1129 1273 1206 video;
1319 1140 1664 1217 propterea
1712 1135 1936 1219 scripsi
1981 1129 2503 1215 ἀπελθόντα,

291 1239 367 1296 ut
402 1231 560 1296 haec
594 1232 730 1297 fere
769 1236 853 1299 sit
880 1236 1222 1299 sententia:
1268 1229 1433 1310 ὅταν
1477 1231 1535 1299 δ’
1576 1232 1841 1324 ἀπέλθῃ
1884 1229 1969 1300 τά
2006 1232 2257 1303 σύνολα
2294 1240 2505 1304 ταῦτα

290 1337 364 1398 ἐκ
398 1337 514 1415 τῆς
552 1337 959 1422 ἐντελεχείας,
1004 1338 1084 1403 cf.
1128 1340 1228 1403 15.
1272 1340 1482 1404 104011
1514 1340 1587 1402 2:
1634 1332 1851 1417 ἄδηλά
1896 1362 1964 1404 τε
2007 1335 2137 1426 γάρ
2175 1334 2259 1406 τά
2299 1344 2503 1432 φθει-

291 1434 544 1526 ρόμενα
585 1450 727 1517 τοῖς
769 1443 987 1527 ἔχουσι
1029 1435 1152 1523 τὴν
1195 1438 1588 1525 ἐπιστήμην,
1636 1437 1802 1506 ὅταν
1846 1446 1916 1506 ὲκ
1960 1444 2078 1522 τῆς
2121 1440 2506 1525 αἰσθήσεως

281 1539 577 1634 ἀπέλθῃ.
668 1545 966 1611 Bessario
1025 1545 1278 1633 quidem
1336 1544 1505 1611 haud
1566 1547 1701 1610 scio
1760 1567 1842 1609 an
1900 1545 2006 1610 vel
2061 1550 2357 1632 scriptum
2411 1551 2505 1613 in-

288 1649 541 1714 venerit
596 1646 702 1711 vel
761 1647 842 1713 de
900 1653 1265 1715 coniectura
1326 1651 1463 1735 ipse
1525 1646 1775 1713 dederit
1830 1645 2251 1729 ἀπελθόντα,
2304 1674 2502 1736 quum

289 1761 502 1816 vertat
545 1774 729 1817 «cum
770 1773 926 1817 vero
965 1754 1200 1818 abeant
1235 1753 1315 1818 ab
1353 1762 1514 1832 actu,
1552 1773 1685 1818 non
1718 1764 1817 1817 est
1846 1753 2258 1832 manifestum,
2297 1766 2502 1820 utrum

289 1857 420 1920 sint
465 1855 809 1943 aliquando
854 1879 937 1922 an
979 1879 1115 1922 non
1159 1860 1392 1938 sint.»)
1482 1856 1751 1920 Materia
1800 1855 2091 1942 denique,
2136 1866 2365 1943 utpote
2409 1861 2504 1923 in·-

292 1958 586 2038 defmita,
644 1982 762 2046 per
816 1983 887 2026 se
943 1964 1252 2052 cognosci
1311 1962 1576 2025 omnino
1623 1963 1845 2046 nequit
1895 1960 2017 2042 (cf.
2064 1962 2256 2047 Phys.
2304 1961 2394 2026 111
2438 1964 2501 2027 6.

289 2066 461 2129 207a
497 2065 609 2128 25:
671 2058 774 2128 διὸ
817 2067 929 2131 καὶ
974 2064 1315 2150 ἄγνωστον
1357 2053 1397 2154 ᾖ
1444 2057 1749 2145 ἄπειρον·
1809 2057 1980 2141 εἶδος
2034 2059 2164 2153 γὰρ
2211 2061 2330 2132 οὐκ
2375 2067 2502 2151 ἔχει

290 2164 333 2248 ἡ
381 2162 521 2247 ὕλη.
610 2168 641 2232 I
689 2169 754 2233 7.
795 2172 960 2235 1910
1004 2172 1074 2236 7:
1120 2167 1162 2251 ἡ
1208 2166 1267 2234 δ’
1305 2166 1693 2251 ὑποκειμένη
1741 2161 1938 2254 φύσις
1981 2161 2293 2248 ἑπιστητὴ
2347 2166 2494 2233 κατ’

291 2267 679 2355 ἀναλογίαν.
755 2270 967 2337 Zeller
1001 2274 1112 2338 Ph.
1152 2272 1211 2338 d.
1250 2272 1363 2338 Gr.
1401 2272 1478 2337 11.
1526 2295 1587 2357 p.
1622 2273 1752 2336 419
1792 2275 1957 2356 sq.),
2001 2274 2136 2336 sive
2183 2294 2256 2336 ea
2303 2275 2504 2342 sensi-

287 2374 442 2440 bilis
490 2384 585 2440 est
631 2378 765 2439 sive
809 2377 1171 2465 cogitabilis
1229 2372 1393 2458 (ὕλη
1437 2371 1646 2454 νοητή
1688 2377 1809 2452 «19,
1868 2374 1946 2440 cf.
1995 2378 2098 2442 11.
2148 2378 2358 2440 1037a
2401 2377 2503 2455 4),

288 2478 494 2567 qualis
541 2489 640 2544 est
684 2502 889 2546 rerum
935 2483 1508 2548 mathematicorum
1558 2481 1846 2557 materia,
1905 2501 2068 2565 quae
2112 2479 2264 2545 licet
2308 2482 2391 2545 sit
2436 2482 2502 2551 in

288 2585 485 2649 rebus
529 2583 966 2665 sensibilibus,
1021 2598 1232 2652 tamen
1282 2606 1416 2650 non
1464 2593 1728 2648 eatenus
1773 2584 1837 2646 in
1885 2585 1960 2647 iis
2006 2594 2131 2662 est,
2190 2593 2501 2671 quatenus

288 2699 441 2753 suut
483 2686 835 2767 sensibileS,
880 2690 960 2756 cf.
993 2693 1081 2756 M
1101 2693 1162 2769 2,
1201 2692 1265 2754 3.
1341 2688 1559 2773 Quare
1608 2707 1795 2771 quum
1844 2688 1937 2749 rei
1982 2698 2322 2751 concretae
2366 2707 2502 2753 non

288 2793 376 2856 sit
401 2793 602 2869 notio,
648 2780 946 2857 materiae
991 2796 1185 2880 ipsius
1225 2791 1401 2857 nulla
1438 2792 1701 2855 omnino
1739 2791 2045 2878 cognitio,
2087 2790 2201 2855 sed
2232 2793 2502 2856 notione
2570 2834 2579 2839 -

287 2898 475 2961 unice
534 2895 738 2960 forma
798 2918 873 2960 ac
927 2900 1171 2983 species
1227 2898 1322 2960 rei
1376 2893 1797 2970 describatur,
1854 2904 2121 2981 apparet
2162 2916 2297 2959 non
2345 2894 2500 2960 alias

289 3002 411 3064 nisi
456 2999 700 3064 formae
745 3010 958 3085 partes
988 3001 1255 3067 adscisci
1287 3021 1481 3086 posse
1511 2998 1592 3063 ad
1633 2997 2062 3063 definiendam
2101 3003 2454 3065 notionem.

424 3105 632 3169 103643
666 3104 752 3169 12
795 3097 1000 3189 πρὸς
1044 3105 1125 3170 δὲ
1176 3142 1254 3157 -
1302 3106 1389 3169 25
1436 3101 1775 3190 εἴρηται.
1868 3101 2181 3186 Quaestio
2229 3101 2310 3166 de
2356 3112 2498 3167 toto

287 3228 366 3271 ac
407 3208 723 3293 partibus,
784 3208 935 3294 quid
980 3211 1154 3295 prius
1199 3211 1280 3272 sit
1326 3206 1476 3292 quid
1521 3207 1875 3292 posteriue,
1930 3208 2230 3291 quoniam
2286 3201 2499 3269 soluta

288 3320 388 3375 est
431 3332 549 3396 per
595 3310 1097 3388 distinctionem,
1154 3315 1206 3375 si
1249 3313 1389 3395 quis
1434 3312 1736 3375 universe
1780 3311 2244 3395 interrogetur,
2288 3318 2498 3375 utrum

286 3415 593 3503 angulum
650 3428 892 3485 rectum
946 3418 1218 3503 priorem
1278 3435 1418 3478 esse
1476 3421 1735 3479 censeat
1793 3433 1877 3476 an
1922 3414 2057 3476 eius
2101 3421 2342 3496 partes,
2399 3432 2501 3477 ca-

286 3517 563 3584 vendum
614 3531 710 3586 est
752 3543 835 3585 ne
881 3519 963 3585 de
1007 3541 1078 3584 re
1123 3502 1524 3583 multifariam
1584 3515 1754 3581 dicta
1811 3513 2179 3600 simpliciter
2235 3535 2501 3599 respon«

288 3621 456 3687 deat.
550 3625 799 3690 Etenim
847 3626 990 3711 quia
1039 3620 1312 3710 angulus
1355 3631 1583 3698 rectuS,
1633 3631 1704 3685 ut
1747 3623 1814 3685 in
1858 3620 1984 3685 hoc
2029 3619 2500 3703 acquiescamus
2568 3667 2573 3673 -

290 3725 613 3813 exemplo,
658 3738 724 3792 et
766 3730 1097 3793 notionem
1145 3748 1218 3790 ac
1262 3724 1673 3790 substantiam
1721 3722 2072 3811 significat,
2116 3733 2180 3785 et
2223 3721 2500 3809 singula-

285 3851 420 3894 rem
466 3830 783 3919 angulum,
835 3829 1219 3896 materialem
1268 3851 1409 3893 eum
1456 3828 1709 3915 quidem
1757 3836 1824 3891 et
1869 3823 2248 3902 sensibilem,
2293 3825 2499 3911 probe

287 3944 386 3998 est
428 3932 976 4035 distinguendum;
1022 3932 1339 3998 sensibilis
1376 3935 1542 3997 enim
1583 3929 1872 4019 anguluS,
1917 3931 1979 3994 τὶ
2023 3930 2144 4013 μέν
2184 3931 2499 4014 «19,po-

284 4039 518 4102 sterior
563 4049 659 4102 est
703 4048 767 4102 et
811 4040 1094 4103 notionis
1142 4047 1206 4102 et
1255 4039 1386 4101 suis
1441 4038 1643 4122 ipsius
1699 4034 2015 4120 partibus;
2073 4031 2499 4101 immaterialis

285 4151 514 4219 autem,
560 4139 762 4227 qualis
807 4151 1018 4206 mente
1064 4143 1451 4226 concipitur,
1494 4140 1782 4203 notionis
1827 4137 2113 4224 partibus
2158 4139 2498 4224 posterior,

284 4242 714 4308 materialibus
758 4244 1043 4330 partibus
1088 4247 1271 4330 prior
1316 4254 1429 4308 est.
1519 4244 1703 4307 Hanc
1745 4244 1938 4330 igitur
1983 4262 2100 4328 per
2145 4238 2498 4305 distinctio·

286 4369 433 4412 nem
480 4347 996 4434 respondendum
1046 4359 1167 4426 est,
1226 4368 1438 4434 neque
1483 4368 1641 4412 vero
1687 4345 2055 4432 simpliciter
2101 4354 2167 4408 et
2213 4342 2499 4407 indistin-

376 4453 582 4507 Aristot.
608 4454 826 4523 metaph.
851 4455 931 4506 ed.
957 4453 1139 4507 Bonitz
1161 4454 1276 4506 Vol.
1301 4454 1363 4504 H.
2026 4452 2095 4505 22
