3043 4973
581 246 729 322 346
1386 251 1461 320 Ζ
1510 248 1619 323 13.
1707 244 1971 320 103811.

584 427 779 489 tueris
825 422 1151 487 dividendi
1198 427 1541 502 rationem,
1598 433 1728 489 tum
1774 444 1909 489 non
1954 422 2077 487 alia
2120 425 2244 486 nisi
2288 430 2560 488 extrema
2604 419 2785 485 diffe-

584 531 788 591 rentia
845 527 926 591 ad
984 526 1410 592 definiendam
1469 530 1801 592 notionem
1860 537 1959 591 est
2001 524 2358 590 adhibenda
2388 527 2467 604 ι).
2557 525 2785 610 Super·

585 631 776 696 fluum
827 652 985 709 esse,
1030 629 1184 695 alias
1228 641 1557 717 praeterea
1602 631 1969 709 adsciscere,
2013 629 2200 695 facile
2238 639 2504 714 apparet
2547 628 2788 707 (δῆλον

585 732 644 802 δ’
680 729 765 798 ὀὲν
810 732 906 813 εἴη
951 733 1085 798 κτλ.
1126 737 1319 814 1130),
1365 739 1417 800 si
1456 739 1596 821 quis
1632 748 1817 800 notas
1853 735 2138 798 notionis
2174 736 2243 797 in
2276 731 2466 797 alium
2505 743 2790 816 transpo-

584 842 784 903 suerit
829 837 1145 915 ordinem,
1192 838 1388 903 veluti
1433 860 1568 904 non
1613 839 1781 921 ζῷον
1826 832 2122 904 ὑπόπουν
2166 837 2415 914 δίπουν,
2465 836 2581 900 sed
2622 835 2790 917 ζῷον

588 944 821 1007 δίπουν
864 938 1179 1006 ὑπόπουν.
1250 945 1439 1028 Atqui
1477 946 1567 1008 ita
1606 953 2024 1027 transponere
2064 950 2251 1005 notas
2285 939 2448 1018 licet,
2492 941 2792 1025 quoniam

587 1042 770 1122 τάξις
814 1041 931 1110 οὐκ
974 1046 1148 1111 ἔστιν
1192 1050 1262 1110 ὲν
1307 1048 1387 1135 τῇ
1431 1045 1626 1131 οὐσίᾳ
1669 1049 1820 1112 α33.
1895 1047 1970 1110 In
2007 1043 2496 1109 invenienda
2539 1042 2792 1130 quidem

587 1153 856 1213 notione
902 1159 1078 1214 certo
1124 1148 1400 1235 quodam
1447 1152 1673 1216 ordine
1719 1173 1756 1213 a
1802 1170 2044 1216 summo
2089 1169 2327 1236 genere
2373 1147 2453 1212 ad
2489 1146 2793 1211 inferiora

589 1253 1104 1318 descendendum
1154 1265 1277 1330 est,
1336 1254 1413 1319 cf.
1463 1258 1591 1319 An:
1628 1265 1796 1341 post.
1843 1255 1905 1318 11
1951 1254 2053 1318 13.
2100 1255 2223 1317 9711
2257 1254 2372 1316 25:
2428 1253 2540 1315 καὶ
2584 1251 2792 1314 ταῦτα

590 1352 787 1434 τάξαι
831 1359 894 1421 τί
937 1359 1199 1441 πρῶτον
1236 1352 1279 1436 ἢ
1317 1354 1634 1443 δεύτερον,
1681 1357 1759 1422 ad
1798 1361 1994 1443 ipsam
2032 1359 2447 1420 notionem
2488 1353 2795 1418 definien-

590 1460 733 1525 dam
779 1482 913 1526 non
959 1464 1248 1547 pertinet.
1277 1461 1435 1526 illud
1483 1463 1805 1550 dignitatis
1851 1455 2225 1538 discrimen,⁸
2263 1470 2334 1525 ut
2381 1480 2572 1524 unum
2616 1459 2792 1544 prius

589 1568 671 1631 sit
715 1564 979 1631 alterum
1024 1568 1364 1653 posterius.

1441 1810 1670 1886 CAP.
1732 1809 1945 1883 XIII.

731 1958 1114 2024 Universale
1146 1980 1276 2023 non
1312 1980 1455 2023 esse
1483 1931 1912 2024 substantiam
1956 1995 2036 2009 -
2077 1959 2285 2023 1039a
2315 1959 2393 2022 14
2411 1982 2436 2037 ‚-
2469 1957 2623 2022 inde
2651 1978 2798 2021 con-

590 2088 866 2152 sequens
910 2087 1073 2144 esse,
1118 2073 1188 2128 ut
1231 2062 1597 2128 substantia
1641 2062 1959 2151 quaelibet
2002 2062 2279 2149 simplex
2317 2065 2405 2126 sit
2455 2098 2532 2110 —
2576 2062 2734 2125 «123.

728 2185 931 2249 103811
971 2184 1008 2245 1
1058 2183 1234 2245 ἐπεὶ
1280 2218 1359 2232 -
1405 2186 1447 2247 9
1494 2184 1970 2265 λεγομένων.
2038 2184 2131 2247 Ex
2163 2180 2609 2268 quatuorillis,
2643 2200 2796 2265 quas

594 2287 673 2351 ab
707 2288 890 2350 initio
923 2287 1277 2370 proposuit,
1312 2285 1704 2350 substantiae
1734 2285 2324 2373 significationibuS,
2359 2286 2421 2350 3.
2455 2286 2660 2349 10281»
2686 2285 2795 2348 34:

592 2384 669 2456 τὸ
717 2392 782 2455 τί
826 2379 909 2468 ἦν
954 2383 1120 2453 εἶναι
1163 2389 1275 2452 καὶ
1317 2380 1395 2452 τὸ
1440 2384 1747 2455 καθόλου
1785 2391 1894 2453 καὶ
1933 2384 2010 2454 τὸ
2049 2393 2236 2471 γένος
2268 2427 2348 2440 -
2380 2391 2506 2454 καὶ.
2526 2382 2603 2454 τὸ
2636 2385 2797 2454 ὑπο-

592 2496 919 2578 κείμενον,
975 2496 1275 2578 quoniam
1322 2503 1450 2556 tres
1494 2495 1936 2578 pertractavit,
1993 2488 2070 2558 τὸ
2114 2492 2570 2575 ὑποκείμενον,
2615 2488 2697 2557 τὸ
2739 2493 2798 2556 τί

593 2589 679 2678 ’ἦν
723 2595 906 2674 εἶναι,
951 2591 1027 2661 τὸ
1073 2600 1276 2680 γένος,
1322 2607 1547 2682 quarta
1592 2606 1789 2660 restat
1832 2619 1997 2682 quae
2042 2600 2407 2683 inquiratur,
2458 2590 2536 2660 τὸ
2580 2589 2798 2660 καθό-

593 2702 731 2768 λου.
800 2703 1018 2780 (Haec
1056 2723 1244 2785 quum
1285 2703 1367 2764 sit
1402 2704 1855 2765 sententiarum
1892 2704 2076 2780 ratio,
2118 2699 2629 2788 distinguendum
2662 2719 2799 2763 esse

596 2814 906 2868 commate
950 2815 1100 2888 post
1143 2798 1420 2881 τούτων,
1477 2825 1627 2881 nec,
1686 2804 1860 2888 quod
1913 2804 2063 2868 fecit
2109 2803 2469 2881 BekkeruS,
2525 2812 2677 2889 post
2722 2792 2797 2881 ἦν

597 2902 765 2972 εἶναι
808 2918 1089 2992 apparet.
1178 2906 1482 2972 Ceterum
1520 2905 1900 2972 Aristoteles
1947 2910 2064 2971 tria
2110 2907 2236 2987 illa,
2283 2901 2358 2972 τὸ
2403 2930 2533 2986 τηε,
2576 2900 2651 2971 τὸ
2701 2909 2797 2989 γέ-

597 3032 730 3088 νος,
774 3005 851 3074 τὸ
896 3008 1339 3093 ὑποκείμενον,
1384 3029 1519 3073 non
1563 3008 1752 3094 plane
1788 3014 1874 3075 ita
1915 3022 1986 3076 ut
2021 3033 2212 3097 supra
2251 3013 2660 3089 enumeravit,
2706 3011 2801 3073 hic

597 3118 665 3179 in
707 3117 1073 3179 memoriam
1119 3124 1408 3190 revocat,
1467 3113 1582 3177 sed
1637 3117 1872 3179 omisso
1918 3137 2155 3202 genere
2200 3114 2378 3179 addit
2419 3109 2497 3179 τὸ
2544 3120 2612 3178 ἐκ
2653 3107 2800 3180 τού-

597 3242 755 3284 tam:
815 3222 1107 3285 nimirum
1164 3213 1242 3284 τὸ
1299 3222 1489 3302 γένος
1550 3217 1848 3303 explicuit
1904 3219 2016 3282 ubi
2072 3223 2332 3305 exponit
2372 3211 2449 3283 τὸ
2494 3241 2634 3296 τηε,
2691 3212 2800 3282 sed

601 3347 740 3389 cum
782 3325 1101 3389 substrato
1146 3333 1210 3388 et
1248 3325 1519 3387 notione
1559 3325 1885 3387 coniunxit
1918 3322 1986 3387 id
2025 3321 2199 3407 quod
2237 3345 2310 3386 ex
2348 3334 2621 3408 utroque
2657 3342 2800 3387 con-

599 3431 818 3493 iuncto
869 3431 1085 3505 oritur,
1133 3448 1264 3491 rem
1314 3437 1693 3492 concretam.
1728 3464 1806 3478 -
1852 3430 1934 3491 bo
1981 3426 2170 3509 διχῶς
2213 3422 2564 3503 ὑπόκειται,
2611 3425 2691 3490 cf.
2727 3420 2800 3489 ad

599 3532 671 3594 A
707 3533 770 3594 2.
808 3532 975 3596 9821:
1007 3531 1156 3608 23.)
1252 3532 1336 3594 Et
1379 3534 1677 3614 quoniam
1724 3528 2036 3594 Platonici
2082 3530 2301 3609 (δοκεῖ
2343 3567 2432 3579 --
2473 3550 2645 3594 τισιν
2686 3530 2798 3606 ὂ7)

600 3630 963 3698 universale
1020 3654 1143 3718 pro
1203 3633 1554 3697 substantia
1611 3642 1967 3720 posuerunt
2023 3632 2140 3712 (cf.
2184 3635 2260 3699 A
2306 3636 2363 3700 1.
2413 3636 2624 3699 1069a
2663 3635 2799 3711 26),

711 3778 776 3849 1)
817 3783 999 3834 Errare
1035 3780 1377 3843 Aristotelem,
1419 3783 1558 3850 quod
1592 3781 1644 3832 in
1682 3782 1988 3833 conficienda
2021 3801 2113 3850 per
2148 3781 2335 3846 generis
2367 3781 2686 3852 partitionem
2719 3781 2798 3830 de-

601 3867 826 3919 finitione
859 3867 1001 3919 iubet
1033 3867 1129 3935 τὴν
1163 3864 1261 3935 τῆς
1295 3865 1554 3938 διαφορᾶς
1589 3869 1851 3939 διαφορὰν
1887 3870 2240 3937 διαιρεῖσθαι,
2284 3868 2399 3920 satis
2442 3881 2518 3920 est
2558 3880 2798 3938 aper-turm

603 3966 815 4023 possunt
848 3953 998 4005 etiam
1033 3953 1339 4005 differentiae
1374 3956 1566 4024 plures,
1603 3974 1729 4025 quae
1766 3955 1831 4005 ad
1865 3955 2076 4006 eandem
2109 3954 2360 4023 pertinent
2391 3955 2653 4008 notionem
2685 3952 2798 4005 defi-

606 4040 864 4100 niendam,
908 4059 969 4090 ex
1012 4040 1210 4092 diversis
1255 4041 1445 4107 generis
1491 4040 1742 4091 dividendi
1786 4039 2059 4091 rationibus
2102 4041 2281 4109 petitae
2318 4060 2422 4093 esse
2459 4056 2510 4092 et
2543 4056 2711 4093 tamen
2740 4037 2797 4089 ad

607 4124 941 4176 definiendam
975 4125 1231 4178 notionem
1267 4126 1472 4196 perinde
1510 4147 1614 4177 esse
1650 4122 1974 4186 necessariae,
2022 4145 2326 4194 quamquam
2371 4125 2539 4179 inter
2583 4146 2646 4179 se
2691 4142 2795 4177 sane

608 4210 977 4275 coniunguntur
1012 4211 1151 4263 κατοὶ
1190 4209 1524 4281 συμβεβηκός.
1596 4212 1697 4263 Sed
1731 4213 1772 4264 is
1809 4233 1946 4264 error
1980 4231 2137 4280 prope
2175 4212 2476 4263 necessarius
2511 4213 2716 4274 videtur,
2747 4221 2797 4259 ut

607 4318 666 4349 ex
700 4298 782 4349 illa
816 4296 1049 4349 materiae
1084 4311 1133 4348 et
1168 4299 1357 4349 formae
1395 4297 1705 4349 distinctione
1739 4298 1789 4349 id
1828 4288 1966 4366 quod
2001 4299 2120 4360 vult,
2154 4298 2395 4350 unitatem
2430 4299 2547 4352 dico
2583 4295 2797 4355 notionis,

606 4383 761 4453 possit
795 4382 1050 4453 explicare.
