3043 4973
1178 204 1223 274 I
1262 200 1331 276 6.
1414 198 1682 277 1057a.
2389 198 2528 276 441

332 377 480 440 tiam
515 374 817 441 vocabuli
856 375 1143 454 ἐναντία,
1188 372 1494 463 siquidem
1535 378 1661 442 hoc
1695 380 1901 463 ipsum
1943 375 2023 441 ab
2058 376 2400 442 Aristotele
2442 384 2537 440 est

332 483 636 565 scriptum
681 502 889 567 neque
924 483 1311 544 inveteratae
1345 479 1750 546 librariorum
1784 484 2062 545 incuriae
2097 479 2383 559 debetur,
2430 501 2538 566 ap-

330 593 518 669 paret
560 606 637 649 ex
678 586 997 669 oppositis
1042 582 1279 647 verbis:
1330 579 1417 648 τοὶ
1463 581 1521 648 δ’
1564 581 1652 659 ὡς
1693 580 2018 668 ἐπιστήμη
2061 578 2228 671 πρὸς
2271 588 2538 661 ἐπιστη-

332 682 480 766 τόν,
524 688 618 769 τῷ
661 688 982 770 λέγεσθαί
1025 709 1088 750 τι
1130 681 1297 752 ἄλλο
1342 681 1509 775 πρὸς
1553 682 1735 765 αὐτό,
1773 690 1925 753 ὸ36.
2016 686 2118 752 Ad
2161 688 2288 750 hoc
2331 706 2537 773 genus

333 788 662 855 relationis
710 799 775 854 et
818 790 1305 878 significandum
1355 801 1419 854 et
1460 790 1906 855 illustrandum
1949 792 2130 855 sicuti
2166 790 2538 875 plerumque

334 905 590 980 praeter
633 915 985 959 mensuram
1036 904 1099 958 et
1144 905 1567 959 mensuratum
1614 894 1879 958 affertur
1912 897 2176 957 scientia
2207 904 2271 957 et
2300 892 2538 971 scibile,

334 1001 423 1062 ita
469 1001 656 1062 etiam
698 998 760 1062 h.
793 997 837 1062 l.
881 996 1162 1074 additur-3
1212 1008 1275 1063 et
1312 1021 1501 1085 quum
1537 996 1736 1085 vulgo
1775 1000 2035 1062 scientia
2065 1018 2358 1064 mensura
2399 1017 2539 1060 esse

334 1102 666 1179 iudicetur,
697 1100 920 1165 scibile
950 1112 1386 1178 mensuratum,
1420 1106 1528 1185 qui
1560 1104 1710 1168 insit
1739 1103 1886 1167 huic
1916 1104 2209 1188 opinioni
2234 1121 2412 1164 error
2433 1100 2540 1166 hic

334 1205 604 1293 perinde
627 1228 702 1269 ac
728 1207 786 1269 1.
818 1207 1027 1271 1053a
1051 1207 1141 1271 32
1170 1208 1521 1292 exponitur.
1580 1206 1810 1291 Neque
1840 1208 2002 1270 enim
2030 1191 2249 1268 scibile
2276 1226 2542 1289 suspen-

336 1331 472 1374 sum
521 1323 617 1374 est
663 1331 698 1374 e
746 1312 1004 1375 scientia
1053 1332 1173 1376 nec
1213 1319 1613 1374 mensuratur
1657 1331 1773 1395 per
1817 1312 2157 1385 scientiam,
2198 1307 2313 1372 sed
2343 1311 2542 1372 scien-

336 1416 422 1477 tia
453 1434 571 1498 per
600 1412 852 1489 scibile;
892 1436 1086 1500 quare
1116 1417 1169 1480 si
1202 1415 1666 1498 comparaveris
1698 1415 2018 1478 scientiam
2055 1421 2119 1476 et
2147 1410 2369 1476 scibile
2401 1434 2541 1478 cum

337 1538 628 1581 mensura
661 1528 724 1580 et
752 1527 1134 1595 mensurato,
1169 1516 1391 1582 scibile
1421 1537 1717 1580 mensura
1745 1514 1851 1580 vel
1882 1518 2086 1580 unitas
2117 1527 2228 1593 est,
2274 1518 2541 1582 scientia

337 1630 761 1686 mensuratum
808 1621 912 1686 vel
956 1642 1287 1696 numerus;
1345 1642 1419 1684 ac
1470 1622 1655 1684 sicuti
1700 1640 1996 1685 numerus
2040 1617 2305 1704 quilibet
2346 1641 2540 1684 unum

341 1723 811 1809 quodammodo
860 1737 956 1789 est
1001 1746 1211 1810 neque
1255 1744 1412 1788 vero
1459 1744 1651 1790 unum
1698 1721 2031 1808 quodlibet
2075 1744 2398 1801 numerus,
2453 1725 2539 1789 ita

339 1831 603 1893 scientia
635 1831 842 1913 ipsum
880 1837 977 1894 est
1010 1826 1234 1892 scibile
1271 1832 1409 1906 (est
1439 1830 1607 1925 enim
1638 1829 1902 1892 scientia
1932 1830 2178 1912 species
2210 1830 2302 1894 rei
2332 1829 2541 1896 animo

340 1942 649 2019 concepta
687 1935 828 1996 sine
866 1934 1142 2007 materia,
1189 1930 1266 1994 cf.
1308 1929 1391 1994 de
1424 1951 1527 1995 an.
1563 1931 1624 1994 11
1660 1934 1716 2008 7,
1752 1932 1852 2009 8),
1899 1953 2034 1996 non
2077 1930 2300 1994 scibile
2345 1929 2545 2016 quod-

339 2039 436 2100 vis
482 2040 743 2102 scientia
788 2047 902 2115 est,
941 2035 1253 2100 ‹17—12.
1295 2071 1382 2084 —-
1428 2033 1531 2099 Ad
1574 2057 1631 2097 v.
1679 2031 2081 2100 ἀποδίδωσιν
2121 2036 2214 2100 α8
2260 2034 2339 2099 cf.
2387 2034 2445 2101 Θ
2481 2038 2542 2101 6.

343 2140 545 2204 1048ῠ
586 2142 689 2206 16.

474 2243 824 2312 Multitudo
869 2241 1185 2331 generalis
1232 2252 1330 2308 est
1373 2245 1557 2307 notio
1604 2236 1788 2324 (οἷον
1829 2243 2019 2324 γένος
2055 2242 2205 2322 α3),
2251 2244 2351 2305 cui
2396 2241 2546 2305 sub-

338 2349 548 2413 iicitur
591 2350 773 2412 notio
820 2350 1065 2411 numeri
1108 2356 1421 2431 tamquam
1469 2345 1803 2410 distinctae
1859 2367 1936 2409 ac
1990 2343 2294 2409 definitae
2341 2345 2547 2410 multi-

341 2450 600 2517 tudinis.
688 2439 1038 2519 Multitudo
1086 2471 1219 2515 non
1264 2471 1381 2536 per
1424 2471 1527 2528 se,
1573 2459 1643 2513 ut
1687 2469 1809 2513 vox
1856 2446 2182 2536 ambigua,
2227 2452 2548 2515 contraria

342 2565 441 2620 est
484 2557 816 2642 paucitati,
860 2553 972 2618 sed
1020 2552 1358 2618 multitudo
1406 2552 1721 2619 excedens
1768 2560 1834 2614 et
1878 2573 2183 2636 superans
2231 2555 2547 2617 contraria

342 2662 645 2746 paucitati
705 2669 801 2723 est
859 2656 1155 2733 dicenda;
1216 2678 1427 2741 neque
1484 2657 1710 2719 unitati
1768 2658 2029 2721 omniuo
2088 2659 2407 2721 contraria
2451 2666 2550 2720 est

344 2762 714 2841 multitudo,
768 2760 880 2827 sed
929 2759 1401 2846 quodammodo
1449 2780 1602 2823 sane
1649 2761 1968 2822 contraria
2013 2767 2108 2823 est
2152 2768 2224 2822 ut
2267 2758 2550 2823 divisibi-

344 2866 424 2932 lis
468 2878 694 2931 natura
735 2864 1118 2943 individuae,
1164 2862 1636 2951 quodammodo
1667 2882 1823 2925 vero
1854 2884 1972 2948 per
1998 2861 2370 2927 relationem
2404 2885 2551 2929 ean-

346 2970 488 3035 dem
538 2973 759 3037 unitati
808 2971 1174 3054 opponitur,
1226 2988 1391 3053 quae
1439 2979 1538 3031 est
1581 2970 1746 3033 inter
1789 2975 2216 3031 mensuratum
2263 2963 2349 3030 ac'
2378 2988 2551 3031 men-

342 3096 572 3141 suram.
622 3110 700 3125 -
762 3074 1056 3139 Extrema
1110 3071 1336 3149 verba,
1377 3072 1748 3149 a14-17,
1802 3092 2011 3156 neque
2070 3070 2150 3134 ab
2204 3071 2549 3135 Aristotele

349 3180 500 3242 satis
559 3175 752 3263 plane
809 3187 957 3241 sunt
1001 3179 1234 3262 scripta
1283 3186 1348 3241 et
1390 3177 1456 3239 in
1505 3172 1893 3238 editionibus
1931 3173 2095 3237 falsa
2142 3171 2551 3240 distinctione

349 3282 701 3347 obscurata.
779 3281 1029 3343 Etenim
1076 3278 1156 3343 ad
1201 3276 1278 3343 τὸ
1320 3283 1443 3361 μέν
1486 3275 1846 3341 addendum
1896 3287 1993 3339 est
2036 3297 2073 3340 e
2119 3277 2552 3363 superioribus

332 3389 651 3451 ἐναντίον
694 3385 889 3461 ἐστίν,
939 3382 1022 3448 ad
1065 3379 1144 3449 τὸ
1186 3380 1246 3447 δ’
1283 3391 1496 3449 autem
1543 3379 1803 3443 verbum
1848 3378 2042 3445 latius
2086 3391 2310 3467 patens
2365 3378 2550 3447 ἀντί-

350 3511 573 3555 κειται.
663 3490 749 3551 Et
792 3487 1009 3555 ultima
1053 3485 1269 3563 verba,
1315 3484 1532 3550 deleto
1577 3493 1726 3570 post
1768 3479 2064 3567 ἀριθμός
2109 3484 2277 3565 colo,
2327 3488 2421 3551 sic
2464 3487 2554 3551 vi-

350 3591 581 3657 dentur
641 3590 1095 3678 distinguenda
1153 3611 1291 3657 esse
1353 3600 1416 3654 et
1470 3588 1831 3659 scribenda:
1891 3581 1972 3652 τὸ
2023 3586 2085 3654 δ’
2124 3586 2211 3665 ὡς
2264 3584 2431 3674 πρός
2473 3613 2554 3668 τι,

349 3691 564 3783 ὥσπερ
610 3691 931 3778 ἐπιστήμη
977 3695 1315 3776 ἐπιστητῷ,
1358 3687 1475 3758 ἐὰν
1511 3683 1553 3782 ᾖ
1592 3697 1719 3772 (sc.
1754 3691 1797 3772 ἡ
1838 3688 2202 3775 ἐπιστήμη)
2240 3687 2555 3779 ἀριθμός,

346 3792 426 3865 τὸ
474 3796 534 3864 δ’
573 3806 696 3879 (sc.
742 3792 1131 3877 ἐπιστητόν)
1189 3798 1257 3862 ἓν
1313 3798 1450 3860 καὶ
1499 3800 1757 3880 μέτρον.
1850 3794 2274 3882 Comparatur
2318 3800 2557 3881 pariter

350 3914 539 3989 atque
584 3906 653 3968 in
690 3903 1031 3988 superiore
1073 3900 1505 3986 disputatione
1549 3902 1809 3967 scientia
1857 3901 1948 3963 r-ei
1984 3909 2396 3980 mensuratae,
2441 3903 2558 3967 sci-

349 4006 481 4071 bile
526 4010 751 4071 unitati
799 4015 864 4070 et
906 4026 1257 4095 mensurae.
1348 4002 1726 4071 Particulam
1783 4012 1991 4069 autem
2048 4005 2215 4082 καί,
2267 4026 2559 4071 necessa-

351 4113 507 4175 riam
553 4121 624 4177 ut
666 4123 811 4198 apta
859 4113 1116 4177 exsistat
1162 4108 1967 4185 enuntiatifconfnrmatio,
2013 4129 2147 4175 non
2185 4129 2259 4173 ex
2289 4110 2553 4197 ingenio

352 4215 588 4296 addidi,
630 4215 745 4283 sed
791 4237 867 4283 ex
911 4216 1289 4281 auctoritate
1337 4212 1514 4279 Alex.
1562 4237 1625 4299 p.
1657 4214 1804 4291 6115,
1852 4214 1955 4279 14.
