3043 4973
2539 252 2594 307 V

374 472 543 534 reu,
589 470 728 523 nen
768 446 1025 519 iniuria
1053 443 1216 523 mihi
1263 443 1545 519 videbar
1577 446 1888 545 spen-ar&
1933 469 2161 546 neque
2193 446 2382 519 enim
2405 445 2593 545 quim¹

375 642 578 716 quam
611 627 838 688 nostra
872 625 1090 689 aetate
1122 612 1543 687 difficillimos
1570 613 1698 687 hos
1721 609 2104 689 Aristotelis
2135 613 2594 714 libros'expua

378 782 642 859 nendos
683 794 1093 882 susceperat.
1160 778 1309 857 Jm
1341 807 1508 859 vero
1546 782 1803 856 intem
1835 783 1944 855 vir
1974 747 2400 865 doctissimus
2430 780 2595 854 Alb.

381 952 864 1046 Salvam-ao
912 950 1155 1050 magna
1202 952 1299 1024 e't'·
1323 949 1672 1024 doctrinae
1706 953 1905 1051 copia
1949 950 2030 1025 et‘
2064 949 2292 1025 iudicii
2317 950 2598 1049 elegan-

380 1124 477 1194 tia
521 1116 1009 1221 Metaphysica'
1033 1116 1416 1195 Aristotelis
1479 1121 1958 1219 interpretum
2017 1131 2153 1208 oet3
2213 1142 2354 1220 quo
2414 1117 2599 1193 edito

384 1289 881 1363 commentario.
920 1287 1155 1388 qualis·
1200 1290 1396 1381 meae
1454 1300 1673 1362 restet
1723 1310 1974 1388 operae
2021 1312 2208 1362 nsus‘
2229 1290 2458 1388 penes
2497 1288 2598 1359 vi-

383 1480 504 1531 ros
551 1457 791 1530 harum*
824 1457 1187 1533 :literarum
1222 1482 1499 1555 1gnarns
1558 1469 1708 1531 esto
1733 1456 2095 1531 iudicium.
2193 1453 2349 1530 Hoc
2396 1470 2600 1529 unum

382 1624 656 1700 videtur
701 1623 1108 1737 monendnm'
1160 1650 1348 1714 csse,
1410 1626 1866 1724 conscriptum
1916 1627 2050 1719 iun
2095 1624 2334 1714 fnisse,
2395 1649 2599 1724 quum

385 1793 976 1892 Sohwegleriaims
1038 1792 1387 1882 ederemr,
1451 1796 2001 1875 commentarium
2057 1818 2332 1882 -meumz
2399 1818 2602 1893 quun

388 1963 661 2063 quidem
694 1974 771 2036 ut
805 1962 1030 2061 operis
1062 1961 1396 2036 traderem
1427 1975 1820 2052 retractam,
1854 1961 2385 2062 Schwegleriani
2415 1976 2602 2037 com

384 2133 692 2207 mentarii
744 2158 859 2211 eas
907 2141 1154 2259 parteS,
1205 2155 1395 2231 quae,
1427 2132 1686 2245 interea
1735 2130 1956 2207 editae
1994 2143 2182 2205 erant
2231 2128 2362 2227 (ad
2397 2131 2604 2205 libros

386 2304 576 2375 Α-
578 2258 660 2374 A
711 2312 780 2373 et
826 2303 912 2373 H
914 2301 1128 2388 —N
1177 2301 1427 2372 etenim
1476 2326 1629 2373 mea
1676 2299 2000 2374 librorum
2047 2302 2113 2371 E
2163 2311 2233 2372 et
2282 2303 2357 2372 Z
2397 2301 2603 2372 inter-

388 2471 680 2571 pretatio
745 2495 994 2543 excusa
1053 2469 1182 2541 iam
1247 2479 1421 2559 erat,
1484 2494 1690 2569 quum
1753 2468 2026 2543 alteram
2079 2465 2607 2567 Schwegleriani

393 2639 856 2713 commentarii
886 2649 1146 2736 partem
1180 2635 1640 2735 acciperem),
1691 2635 2045 2737 diligenter
2091 2639 2470 2736 comparavi
2518 2649 2607 2724 et,

394 2808 455 2880 si
490 2806 650 2905 quid
681 2805 838 2879 inde
864 2804 1118 2878 fructus
1147 2831 1481 2904 ceperam,
1512 2806 1831 2904 religiose
1865 2807 2246 2906 significavi.
2311 2804 2417 2880 Ex
2443 2832 2607 2879 con-

391 2976 702 3061 iecturis,
764 2999 930 3074 quas
981 2976 1140 3046 satis
1188 2974 1428 3048 multas
1478 2972 1959 3074 Schweglerus
2006 2979 2394 3076 proposuit,
2445 2975 2610 3049 duas

393 3142 812 3216 felicissimas
863 3154 933 3215 et
983 3142 1257 3217 easdem
1309 3142 1656 3218 evidentes
1689 3147 1755 3217 in
1794 3146 2340 3219 commentarium
2378 3145 2611 3242 recepi

405 3309 527 3406 (cf.
577 3309 665 3382 ad
707 3313 790 3381 K
823 3310 934 3383 12.
984 3310 1213 3385 10684ι
1253 3312 1364 3384 11.
1430 3314 1512 3385 A
1558 3313 1624 3387 7.
1675 3310 1897 3387 1072»
1936 3312 2061 3409 2);
2126 3312 2285 3385 alias
2337 3338 2457 3385 cur
2501 3312 2611 3386 vel

397 3480 706 3577 recipere
768 3479 878 3552 vel
936 3478 1228 3577 probare
1294 3478 1670 3553 dubitarem
1734 3483 2048 3579 exposui;
2119 3506 2285 3581 quas
2347 3480 2611 3553 silentio

393 3648 660 3733 transii,
710 3672 825 3720 eas
873 3673 985 3721 me
1034 3649 1393 3737 scientem,
1445 3650 1601 3748 quia
1647 3649 2117 3748 improbarem,
2165 3650 2614 3748 praeteriisse,

395 3814 695 3888 lectores
742 3815 944 3888 velim
991 3841 1118 3914 pro
1165 3827 1355 3889 certo
1395 3815 1703 3891 habeant.
1788 3815 1953 3890 Eam
2005 3829 2228 3892 autem
2270 3820 2611 3892 coniectu-

396 4008 563 4070 ram,
615 4007 787 4082 quae
824 3981 912 4055 ad
940 3985 1018 4057 A
1054 3985 1117 4057 1.
1151 3984 1328 4057 98Ιῦ
1351 3985 1400 4058 5
1449 3986 1577 4059 sub
1626 3986 1826 4059 finem
1877 3985 2319 4061 adnotationis
2358 4013 2612 4086 propo-

402 4153 530 4223 sita
580 4163 706 4237 est,
754 4164 1098 4251 acceptam
1147 4152 1369 4226 refero
1419 4155 1567 4227 viro
1619 4154 2007 4228 doctissimo
2052 4154 2299 4229 Ioanni
2340 4155 2611 4230 Horke-

403 4318 537 4408 lio,
603 4320 744 4406 cui,
809 4320 990 4421 quod
1051 4347 1162 4395 me
1223 4323 1291 4394 in
1343 4322 1760 4421 expellendis
1808 4322 2306 4424 typothetarum
2355 4323 2616 4397 mendis
