3043 4973
496 184 644 259 264
1215 188 1286 257 A
1343 184 1453 257 17.
1517 182 1628 258 18.
1715 181 1983 255 loz-za.

500 360 1000 450 significationes
1037 358 1316 424 breviter
1352 360 1824 447 complet-,titum
1863 380 2025 443 quae
2070 361 2234 423 enim
2277 356 2407 422 duo
2450 357 2557 421 hie
2591 367 2712 426 sta-

502 470 625 531 tuit
669 485 906 553 genera
954 462 1397 550 perfectioniS,
1457 486 1530 528 ea
1586 467 1687 528 vix
1734 485 1873 528 eum
1915 449 2160 549 primis'
2183 462 2426 527 duabus
2471 460 2713 549 signifi·

504 568 863 634 nationibus
908 566 1206 632 vocabuli
1253 589 1511 653 prorsus
1554 578 1824 654 possunt
1870 566 2211 645 conciliari,
2263 569 2509 629 tertiam
2553 586 2713 629 vero

505 672 795 758 equidem
856 692 990 736 non
1045 670 1237 737 video
1297 671 1623 757 quomodo
1681 673 1777 735 his
1836 670 2088 736 duobus
2144 668 2486 757 generibus
2546 689 2718 732 eom-

500 775 698 864 plecti
744 774 1043 840 voluerit.
1095 813 1174 826 —-
1233 778 1347 840 His
1406 775 1683 861 denique
1736 774 1914 840 addit
1954 768 2039 838 τὰ
2085 766 2255 837 κατὰ
2302 765 2720 857 συμβεβηκὸς

503 881 716 944 τέλεια
776 881 985 944 loma
1032 883 1259 959 1-3‚
1327 879 1550 944 iisdem
1610 898 1816 967 prope
1875 877 2117 955 verbiS,
2188 897 2349 963 quae
2410 875 2716 972 hlabemus

503 984 571 1047 Γ
607 986 667 1048 2.
717 985 926 1049 1004a
970 984 1076 1051 30.

1345 1157 1575 1231 CAP.
1643 1158 1886 1231 XVII.

641 1305 920 1389 Πέρας
965 1304 1229 1387 primum
1275 1301 1595 1390 significat
1639 1304 2000 1380 terminum,
2061 1320 2187 1386 quo
2251 1297 2400 1384 quid
2458 1296 2722 1362 includi-

508 1416 641 1485 tur,
684 1408 778 1471 114
825 1401 899 1471 τὸ
946 1408 1224 1492 ἔσχατον
1272 1445 1352 1457 -
1402 1395 1481 1472 οὗ
1516 1407 1651 1471 ’ἔσω
1696 1401 1917 1471 πάντα
1961 1399 2224 1492 πρώτου
2267 1397 2567 1488 (πρώτου
2612 1424 2723 1466 cur

509 1508 790 1574 additum
837 1513 935 1589 sit,
983 1522 1131 1596 apte
1161 1510 1342 1576 Alex.
1373 1535 1435 1597 p.
1464 1512 1616 1589 377,
1651 1512 1738 1575 23
1780 1507 2080 1594 explicat:
2126 1501 2203 1572 τὸ
2248 1507 2317 1571 δὲ
2364 1500 2707 1591 «πρώτου»

505 1616 928 1700 προσέθηκεν
988 1610 1468 1700 ἐνδεικνύμενος
1521 1608 1599 1678 τὸ
1649 1615 1881 1700 κυρίως
1936 1615 2169 1698 πέρας,
2230 1604 2267 1674 ὃ
2316 1606 2435 1693 οὐχ
2480 1607 2566 1686 ὡς
2610 1614 2723 1693 μέ-

509 1739 626 1801 ρος
684 1718 823 1781 ἐστὶ
879 1721 1084 1803 πέρας
1140 1716 1286 1783 ἀλλ’
1326 1716 1412 1795 ὡς
1468 1711 1547 1783 τὸ
1603 1718 1837 1803 κυρίως
1894 1717 2203 1799 ἔσχατον,
2262 1709 2497 1779 ὁποῖόν
2550 1719 2725 1779 ἐστιν

509 1810 617 1885 ἔπὶ
661 1821 794 1886 τῶν
840 1817 1161 1904 σωμάτων
1205 1819 1248 1901 ἡ
1288 1817 1657 1910 ἐπιφάνεια.
1724 1815 2002 1887 δύναται
2038 1812 2167 1903 γαρ
2208 1820 2319 1883 καὶ
2356 1822 2595 1904 μέρους
2631 1841 2725 1882 τι·

509 1918 628 1999 νὸς
672 1924 1059 2013 ληφθέντος
1101 1927 1306 2009 μηδὲν
1351 1923 1519 1991 εἶναι
1564 1922 1700 2003 ἔξω,
1746 1920 1893 1988 ἀλλ’
1934 1918 2013 1988 οὐ
2055 1917 2347 2005 πρώτου·
2400 1916 2529 2007 πρὸ
2574 1917 2725 1986 τού-

512 2050 632 2091 του
676 2022 804 2112 γοὶρ
851 2030 975 2091 τοῦ
1011 2032 1250 2113 μέρους
1295 2024 1542 2108 αὐτά).
1634 2027 1733 2091 Ab
1784 2028 1903 2090 hac
1947 2024 2418 2113 significatione
2464 2030 2563 2090 vix
2610 2025 2730 2089 dif-

510 2130 651 2209 fert,
693 2131 867 2216 quod
900 2130 1102 2196 altero
1138 2132 1611 2210 loc0,1a5-6‚
1649 2135 1853 2216 πέρας
1885 2130 2149 2194 formam
2187 2151 2263 2192 ae
2295 2128 2565 2216 figuram
2600 2151 2727 2193 ma-

511 2234 865 2321 gnitudinis
926 2248 1223 2300 extensae
1271 2236 1582 2300 denotare
1628 2233 1800 2298 dicit.
1884 2234 2159 2311 Deinde,
2205 2234 2468 2310 ‹16-8,
2523 2236 2727 2318 πέρας

513 2347 613 2402 est
657 2341 925 2402 actionis
972 2339 1235 2405 alicuius
1279 2361 1464 2404 causa
1500 2338 1730 2415 finaliS,
1777 2343 1863 2426 ἐφ
1909 2332 1946 2402 ὃ
1995 2335 2035 2417 ἡ
2081 2340 2333 2417 κίνησις
2374 2338 2486 2401 καὶ
2530 2331 2607 2400 τὸ
2647 2326 2727 2401 οὗ

514 2446 702 2508 ἕνεκα
747 2479 833 2495 --
879 2443 1037 2508 haec
1097 2447 1261 2509 enim
1320 2447 1486 2509 inter
1544 2463 1616 2506 se
1673 2446 1743 2506 ἐκ
1797 2437 2230 2528 παραλλήλου
2272 2451 2419 2505 sunt
2465 2443 2729 2505 coniun-

514 2556 615 2611 cta
664 2584 778 2626 —,
832 2549 1149 2613 interdum
1197 2552 1383 2613 etiam
1427 2547 1523 2626 id,
1569 2546 1744 2612 unde
1790 2546 2040 2611 orditur
2084 2549 2285 2623 aetio,
2330 2549 2533 2629 πέρας
2578 2544 2730 2609 dici-

515 2662 645 2729 tur,
691 2655 989 2737 quoniam
1038 2652 1210 2738 quod
1258 2657 1525 2740 primum
1573 2661 1669 2715 est
1713 2654 1777 2713 in
1825 2649 2113 2738 agendo,
2170 2648 2338 2714 idem
2388 2660 2727 2713 extremum

513 2754 634 2819 fuit
678 2758 744 2818 in
792 2756 1271 2821 deliberatione.
1343 2759 1457 2837 (In
1501 2753 1802 2819 mut-anda
1848 2755 2073 2819 horum
2120 2754 2463 2818 verborum
2510 2752 2729 2817 distin-

517 2860 758 2936 etione,
819 2881 1001 2944 quam
1060 2864 1198 2946 ipsa
1258 2864 1351 2924 rei
1408 2869 1633 2923 natura
1692 2856 2192 2922 commendatam
2252 2879 2391 2921 esse
2438 2856 2730 2933 arbitror,

517 2959 865 3025 Alexandri
911 2973 1162 3029 secutus
1214 2985 1352 3028 sum
1396 2966 1986 3048 interpretationem
2031 2985 2094 3047 p.
2132 2963 2263 3026 378
2310 2964 2441 3046 sq.)
2531 2960 2731 3024 Deni-

512 3086 642 3150 que
684 3068 889 3153 πέρας
932 3067 1340 3132 substantiam
1390 3078 1453 3133 et
1501 3071 1834 3131 notionem
1881 3069 1977 3130 rei
2020 3063 2355 3129 cuiuslibet
2396 3063 2731 3150 significat,

515 3171 830 3248 αΘ-ΙΟ,
874 3172 990 3249 τῆς
1025 3167 1318 3254 γνώσεως
1354 3163 1481 3259 γὰρ
1523 3174 1719 3236 τοῦτο
1753 3175 1973 3257 πέρας,
2017 3169 2094 3233 cf.
2127 3167 2206 3231 ad
2237 3169 2309 3231 Α
2337 3170 2398 3232 3.
2430 3169 2599 3232 983a
2622 3169 2729 3232 28.

521 3310 601 3323 —
651 3273 850 3359 Quod
895 3279 960 3339 in
1005 3274 1137 3338 fine
1197 3277 1419 3361 eapitis
1467 3274 1846 3341 Aristoteles
1907 3273 1988 3337 de
2048 3275 2380 3336 notionum
2438 3266 2609 3357 ἀρχή
2667 3281 2733 3334 et

515 3382 721 3463 πέρας
766 3386 978 3459 mutua
1026 3381 1194 3442 inter
1238 3401 1308 3443 se
1353 3382 1604 3444 ratione
1651 3377 1830 3454 dicit,
1890 3375 1956 3440 id
2016 3394 2388 3462 quamquam
2449 3374 2530 3438 de
2574 3376 2728 3461 ipsis

519 3468 890 3545 notionibus
948 3503 1098 3545 vere
1158 3485 1404 3560 statuit,
1463 3480 1772 3567 siquidem
1833 3479 2118 3545 subiecta
2178 3489 2275 3543 est
2330 3481 2513 3542 notio
2559 3473 2729 3564 ἀρχή

518 3587 770 3649 notioni
808 3588 1028 3670 πέρας,
1074 3595 1282 3649 tamen
1322 3584 1402 3650 de
1439 3589 1747 3650 varietate
1788 3606 1955 3663 usna,
1995 3581 2253 3667 ὁσαχῶς
2288 3583 2559 3666 λέγεται,
2598 3603 2731 3647 non

517 3687 787 3773 perinde
848 3699 946 3753 est
1001 3710 1248 3765 verum3
1310 3691 1544 3755 etenim
1601 3684 1771 3774 ἀρχή
1823 3711 1969 3753 suas
2014 3685 2318 3774 quasdam
2364 3689 2611 3772 accepit
2652 3687 2730 3750 si-

520 3790 990 3879 gnificationes,
1031 3816 1185 3879 quas
1230 3795 1435 3880 πέρας
1478 3813 1614 3856 non
1658 3792 1869 3871 habet,
1914 3791 1980 3857 id
2028 3789 2201 3878 quod
2245 3789 2434 3855 facile
2468 3799 2730 3876 apparet

521 3894 1002 3960 conferentibus
1050 3918 1185 3981 cap.
1224 3900 1281 3960 l.

1298 4034 1564 4155 'CAR
1627 4081 1911 4155 xvm.

654 4223 953 4289 Formula
995 4221 1190 4288 καθ’
1231 4219 1268 4289 ὅ
1315 4227 1370 4287 si
1414 4223 1703 4289 subiecto
1742 4226 2208 4309 propositionis
2249 4222 2511 4288 alicuius
2552 4222 2728 4288 addi-

477 4350 495 4365 ‘
523 4340 626 4394 tur
668 4331 831 4394 hanc
872 4327 1068 4393 babet
1111 4331 1266 4407 vim,
1313 4336 1385 4393 ut
1426 4326 1598 4392 illius
1645 4337 1931 4392 naturam
1976 4332 2107 4394 suis
2149 4340 2227 4391 'ac
2269 4330 2541 4415 propriis
2585 4327 2727 4390 fini·
