3043 4973
478 190 576 266 40
1326 193 1403 264 Α
1457 189 1520 263 l.
1595 189 1744 265 980
1762 186 1824 263 b.

477 367 797 453 λογισμοῦ
849 361 979 449 ἤδη
1037 367 1217 434 ἐστὶν
1272 366 1482 454 ἔργον.
1584 368 1807 432 Errori
1863 368 2159 454 quoniam
2218 364 2533 432 obnoxius
2593 377 2691 432 est

478 467 811 557 λογισμός,
859 473 1271 560 coniungitur
1315 493 1455 535 cum
1501 466 1688 562 δόξῃ,
1735 471 1917 537 Anal.
1961 480 2131 558 post.
2175 472 2235 536 11
2281 472 2386 535 19.
2435 472 2593 535 10οὒ
2629 472 2690 551 7,

477 576 738 663 reliquis
785 585 992 641 autem
1038 586 1295 662 praeter
1336 576 1658 640 hominem
1704 574 2081 641 animalibus
2135 597 2269 640 non
2315 577 2691 663 assignatur,

476 681 558 745 de
605 683 789 746 anim.
835 680 926 744 111
976 681 1077 745 10.
1125 680 1292 744 433oe
1333 680 1433 756 12,
1468 680 1629 758 ⁶29,
1678 691 1749 744 ut
1793 682 1901 766 qui
1947 700 2293 767 suspensus
2338 682 2423 744 sit
2464 701 2501 743 a
2546 700 2692 765 per-

475 783 835 871 pendendis
867 786 1090 848 causis·
1126 821 1205 834 -
1255 783 1482 869 Neque
1529 805 1686 849 vero
1722 806 1797 849 ex
1834 786 1969 870 ipsa
2007 786 2306 847 memoria
2340 782 2688 848 secundum

476 888 843 953 Aristotelis
889 889 1268 951 sententiam
1314 891 1620 952 continuo
1678 886 1940 973 prodire
1993 886 2401 952 existimanda
2449 897 2545 952 est
2589 908 2690 951 ars

474 991 580 1056 vel
611 993 893 1070 scientia,
930 989 1046 1054 sed
1078 989 1284 1055 media
1315 991 1655 1056 intercedit
1684 993 2090 1078 experientia,
2129 991 2446 1078 ἐμπειρία.
2514 991 2692 1055 Exsi-

476 1099 589 1161 stit
634 1088 840 1160 autem
888 1098 1305 1182 experientia,
1365 1110 1555 1181 quum
1608 1093 1823 1182 plures
1871 1095 2154 1161 eiusdem
2197 1098 2293 1160 rei
2339 1105 2690 1181 conceptus

478 1200 885 1264 inhaerentes
931 1203 998 1263 in
1042 1201 1253 1263 animo
1295 1209 1362 1264 et
1395 1203 1736 1264 memoriae
1774 1199 1953 1265 infixi
1988 1203 2054 1264 in
2085 1220 2273 1263 unam
2311 1201 2489 1284 quasi
2523 1220 2693 1265 sum-

480 1325 641 1368 mam
688 1302 1092 1383 coaluerunt,
1151 1305 1223 1367 αἱ
1281 1293 1525 1368 πολλαὶ
1580 1304 1840 1389 μνῆμαι
1885 1304 2007 1369 τοῦ
2052 1301 2256 1368 αὐτοῦ
2300 1297 2693 1388 πράγματος

476 1409 636 1492 μιᾶς
694 1408 1032 1493 ἐμπειρίας
1088 1401 1366 1492 δύναμιν
1423 1403 1891 1486 ἀποτελοῦσιν,
1951 1407 2054 1473 vel
2109 1418 2181 1472 ut
2239 1416 2335 1470 est
2388 1409 2456 1471 in
2501 1405 2688 1471 Anal.

476 1521 646 1599 post.
689 1511 749 1575 11
791 1513 894 1576 19.
938 1512 1103 1577 1006
1128 1513 1197 1577 5:
1243 1513 1316 1575 αἱ
1358 1504 1487 1599 γὰρ
1530 1510 1775 1575 πολλαὶ
1817 1511 2077 1597 μνῆμαι
2117 1512 2211 1594 τῷ
2254 1506 2532 1596 ἀριθμῷ
2575 1515 2691 1594 ἐμ·-

476 1618 700 1701 πειρία
743 1616 867 1699 μία
910 1615 1110 1680 ἐστίν.
1202 1614 1425 1679 Plures
1484 1602 1696 1678 autem
1752 1636 1960 1679 rerum
2017 1613 2407 1702 singularum
2459 1635 2689 1679 conce-

473 1730 620 1805 ptus
667 1719 753 1781 ita
799 1727 1042 1782 tantum
1090 1721 1159 1783 in
1199 1732 1395 1783 unum
1440 1728 1713 1804 possunt
1756 1721 1951 1798 coire,
1994 1729 2068 1784 ut
2106 1739 2268 1804 quae
2304 1721 2373 1782 in
2407 1720 2484 1782 iis
2520 1738 2691 1783 com-

474 1825 687 1888 munia
735 1834 885 1887 sunt
927 1824 1339 1900 retineantur,
1385 1821 1718 1886 abiiciatur
1753 1844 1909 1887 vero
1953 1821 2259 1909 quidquid
2292 1824 2459 1886 inter
2490 1843 2562 1886 se
2597 1821 2690 1886 di-

475 1948 725 1991 versum
771 1925 1011 1989 habent
1056 1935 1122 1989 et
1165 1929 1569 1991 contrarium.
1659 1926 1882 2012 Itaque
1932 1929 2293 1991 necessario
2339 1947 2458 2013 per
2502 1948 2690 2012 expe-

473 2034 765 2095 rientiam
814 2052 850 2093 a
895 2029 1308 2115 conceptibus
1347 2029 1614 2118 singulis
1656 2029 2049 2118 singularum
2084 2012 2296 2095 rerum
2324 2029 2404 2095 ad
2438 2031 2689 2095 univer-

477 2133 611 2200 sale
657 2134 975 2220 quidpiam
1021 2133 1447 2211 adscenditur,
1490 2133 1769 2220 ideoque
1808 2137 1874 2199 in
1907 2133 2089 2199 Anal.
2125 2134 2167 2198 l.
2200 2134 2241 2198 l.
2287 2156 2426 2199 cum
2469 2139 2690 2218 ἐμπει-

477 2241 593 2322 ρίᾳ
655 2224 1065 2326 coniungitur
1120 2231 1199 2302 τὸ
1246 2233 1581 2316 καθόλου,
1637 2232 1715 2302 τὸ
1759 2239 1829 2303 ἓν
1871 2232 2057 2327 παρὰ
2100 2232 2183 2301 τοὶ
2226 2233 2443 2303 πολλοί
2490 2276 2571 2290 -
2617 2242 2690 2303 ἐκ

477 2339 536 2406 δ’
580 2343 914 2424 ἐμπειρίας
956 2333 1002 2420 ἢ
1045 2345 1115 2405 ἐκ
1157 2333 1408 2417 παντὸς
1450 2336 1908 2425 ἠρεμήσαντος
1962 2344 2083 2406 τοῦ
2138 2337 2446 2406 καθόλου
2495 2346 2567 2406 ἐν
2611 2343 2689 2433 τῇ

476 2447 675 2537 ψυχῇ,
720 2447 840 2511 τοῦ
881 2438 1030 2522 ἑνὸς
1072 2437 1259 2535 παρὰ
1300 2437 1384 2509 τὰ
1427 2439 1665 2511 πολλοί.
1748 2446 1969 2511 Nihilo
2018 2456 2224 2511 tamen
2271 2448 2492 2526 secius,
2537 2445 2689 2512 licet

480 2560 545 2615 et
591 2552 980 2636 experientia
1027 2548 1388 2614 universale
1434 2549 1755 2636 quidpiam
1802 2553 2230 2636 concipiamus
2279 2563 2342 2616 et
2384 2554 2688 2616 scientiae

479 2675 553 2719 ea
610 2657 749 2740 ipsa
806 2656 890 2719 sit
943 2663 1168 2717 natura
1225 2662 1298 2717 ut
1355 2652 1820 2719 universalibus
1872 2654 2246 2719 notionibus
2292 2654 2689 2735 conficiatur,

479 2757 783 2845 distingui
827 2769 1036 2821 tamen
1084 2759 1533 2843 experientiam
1580 2779 1616 2819 a
1661 2760 1923 2822 scientia
1971 2780 2044 2822 ex
2089 2762 2372 2843 proxima
2412 2758 2690 2846 disputa-

479 2864 657 2925 tione
713 2860 1111 2925 manil'estum
1166 2870 1292 2939 est,
1351 2870 1414 2923 et
1455 2859 1560 2923 vel
1603 2859 1756 2924 inde
1800 2871 2017 2947 potest
2061 2862 2307 2949 colligi,
2365 2862 2539 2947 quod
2587 2883 2690 2928 ex-

477 2968 828 3050 perientiae
886 2963 1095 3049 aliqua
1149 2986 1297 3048 pars
1357 2965 1544 3027 etiam
1602 2964 1861 3051 reliquis
1914 2965 2285 3031 animalibus
2330 2968 2691 3053 assignatur

476 3070 639 3134 9801>
675 3071 782 3134 26.
875 3069 959 3132 Et
1003 3066 1485 3153 Analyticorum
1534 3067 1784 3152 quidem
1830 3068 1874 3134 l.
1921 3068 1965 3133 l.
2012 3071 2068 3134 si
2114 3069 2479 3150 contuleriS,
2522 3069 2689 3135 illud

477 3196 669 3238 unum
711 3169 966 3237 videtur
1008 3192 1148 3235 esse
1189 3173 1493 3235 scientiae
1538 3181 1604 3236 et
1646 3176 2070 3259 experientiae
2115 3172 2468 3253 discrimen,
2511 3173 2689 3259 quod

475 3280 738 3342 scientia
764 3275 930 3342 ultra
959 3277 1406 3361 experientiam
1436 3273 1517 3340 ad
1544 3277 2035 3342 universaliores
2065 3280 2249 3341 etiam
2277 3289 2467 3363 atque
2496 3281 2686 3342 etiam

475 3384 780 3445 notiones
827 3378 1127 3457 escendit,
1173 3380 1251 3443 cf.
1300 3378 1478 3443 Alex.
1525 3403 1588 3465 p.
1620 3384 1679 3460 5,
1725 3383 1808 3446 27
1854 3403 1989 3467 sqq.
2067 3380 2371 3448 Subtilius
2416 3403 2573 3446 vero
2620 3391 2690 3446 et

476 3485 829 3547 accuratius
875 3482 1209 3546 discrimen
1249 3486 1315 3546 iu
1355 3483 1450 3546 his
1483 3484 2073 3570 Metaphysicorum
2116 3485 2330 3549 verbis
2371 3484 2687 3573 significa-

477 3597 605 3652 tum
651 3587 972 3664 inveniaS,
1019 3589 1166 3649 nam'
1206 3598 1645 3673 praeterquam
1693 3587 1867 3673 quod
1912 3609 2043 3667 arS,
2089 3598 2155 3654 et
2198 3589 2372 3674 quod
2420 3589 2502 3654 de
2548 3598 2688 3654 arte

479 3689 714 3754 dictum
774 3700 870 3754 est
926 3688 1093 3754 idem
1152 3689 1234 3753 ad
1292 3694 1619 3770 scientia-m
1674 3691 2044 3776 pertinebit,
2101 3693 2289 3757 altius
2347 3715 2549 3780 usque
2603 3693 2688 3757 ad

478 3791 937 3857 universaliora
976 3793 1276 3872 escendit,
1321 3795 1447 3859 hoc
1482 3798 1543 3858 ei
1578 3798 1903 3880 proprium
1951 3807 2063 3877 est,
2110 3798 2285 3883 quod
2320 3819 2483 3884 quae
2517 3819 2690 3862 com-

478 3899 685 3961 munia
734 3895 1176 3981 complectitur
1222 3920 1293 3962 ea
1339 3895 1484 3963 κατ’
1530 3894 1701 3975 εἶδος
1743 3899 1813 3964 ἓν
1858 3898 2174 3988 ἀφορίζει,
2224 3901 2285 3965 h.
2319 3922 2372 3967 e.
2417 3923 2537 3988 per
2584 3923 2691 3966 ex-

480 4004 856 4088 perientiam
892 3999 1180 4064 eiusdem
1207 4002 1585 4068 similiumve
1621 4025 1827 4069 rerum
1867 4006 2175 4091 imagines
2220 4026 2411 4070 sensu
2458 4027 2690 4071 conce-

478 4114 628 4191 ptae
672 4116 739 4169 et
781 4106 1124 4169 memoriae
1167 4104 1400 4171 infixae
1434 4106 1594 4172 nihil
1628 4107 1800 4173 aliud
1836 4130 2018 4195 quam
2053 4111 2119 4171 in
2157 4130 2453 4173 summam
2492 4130 2691 4195 quan-

479 4209 623 4273 dam
669 4208 1051 4289 coalescunt,
1096 4232 1212 4294 per
1249 4220 1445 4274 artem
1490 4220 1556 4274 et
1594 4214 1921 4276 scientiam
1965 4215 2251 4278 notionis
2294 4212 2459 4277 fines
2505 4234 2691 4279 accu-

476 4321 614 4379 rate
657 4310 1130 4391 describuntur3
1188 4311 1298 4378 illa
1353 4317 1718 4382 necessario
1765 4316 2067 4383 cohaeret
2111 4339 2251 4383 cum
2295 4316 2689 4406 singularum
