3043 4973
1134 239 1196 311 Θ
1242 238 1310 312 7.
1394 238 1665 315 1049a.
2352 241 2499 317 399

293 426 473 482 terna
520 415 935 504 impediente3
979 419 1227 504 passiva
1274 428 1422 497 tum,
1468 442 1658 505 quum
1702 419 1862 485 nihil
1897 418 2115 486 obstat
2143 424 2211 487 in
2240 423 2380 507 ipsa
2408 443 2496 487 re.

293 522 567 587 Materia
613 520 884 588 aedificii
932 532 1064 590 tum
1108 521 1336 590 dicitur
1380 520 1652 608 δυνάμει
1697 523 2050 590 aedificium
2102 547 2257 604 esse,
2310 547 2499 612 quum

290 643 502 712 neque
547 625 853 691 accedere
897 649 1020 691 nec
1062 625 1232 694 demi
1276 628 1614 714 quidquam
1662 638 1940 715 oportet.
2028 632 2195 693 all:
2238 631 2351 696 καὶ
2393 631 2497 695 ἐπὶ

290 732 421 796 τῶν
479 723 699 794 ἄλλων
757 727 1094 810 ὡσαύτως,
1152 727 1328 799 ὅσων
1385 728 1639 809 ἔξωθεν
1684 729 1726 811 ἡ
1772 727 1942 817 ἀρχὴ
2001 733 2119 810 τῆς·
2174 736 2499 815 γενέσεως,

288 835 403 898 καὶ
447 827 620 900 ὅσων
666 827 748 913 δὴ
793 837 865 898 ὲν
909 830 1087 917 αὐτῷ
1130 836 1222 917 τῷ
1277 837 1485 920 ἔχοντι
1550 838 1702 915 (int.
1745 838 1959 902 ταῦτα
2003 834 2258 917 λέγεται
2299 831 2498 901 δυνά·-

289 959 398 1021 μει
441 959 504 1001 τι
549 930 770 1015 εἶναι),
816 930 946 1003 ὅσα
989 933 1294 1022 μηθενὸς
1335 941 1466 1005 τῶν
1510 935 1764 1016 ἔξωθεν
1808 937 2273 1025 ἐμποδίζοντος
2315 941 2499 1006 ἔσται

291 1035 376 1104 δι’
418 1036 643 1103 αὑτοῦ.
712 1040 935 1105 Veluti
980 1062 1196 1106 semen
1244 1052 1372 1107 tum
1420 1042 1670 1108 demum
1717 1044 1949 1109 dicitur
1994 1037 2266 1126 δυνάμει
2308 1064 2496 1129 seges
2552 1043 2556 1052 ’

292 1164 433 1208 esse
477 1146 612 1208 sive
656 1143 870 1223 homo,
915 1167 1104 1230 quum
1150 1156 1400 1210 nactum
1445 1149 1568 1212 iam
1617 1156 1714 1211 est
1756 1145 2070 1224 idoneam,
2114 1148 2182 1211 in
2228 1168 2351 1232 qua
2387 1168 2495 1209 na-

288 1257 529 1324 scatur,
573 1252 914 1313 materiam.
1002 1249 1380 1314 Huiusmodi
1423 1246 1978 1338 προσδιορισμούς
2020 1271 2140 1336 pro
2186 1253 2495 1315 varietate

287 1355 713 1437 potentiarum
760 1352 977 1437 plures
1024 1356 1209 1420 etiam
1260 1356 1613 1420 enumerari
1671 1377 1864 1442 posse
1921 1363 2213 1440 apparet,
2273 1375 2495 1422 omnes

284 1464 502 1520 autem
564 1456 1190 1544 comprehenduntur
1241 1458 1587 1542 universali
1630 1459 1770 1539 illa,
1825 1480 2011 1546 quam
2051 1479 2245 1543 supra
2290 1459 2494 1543 posui,

292 1557 691 1626 definitione.

421 1666 530 1727 al,
598 1664 1044 1754 Interrogandi
1088 1667 1277 1753 signo
1326 1663 1579 1733 distinxi
1624 1675 1774 1752 post
1818 1658 2106 1748 δυνάμει,
2149 1676 2219 1732 ut
2256 1686 2293 1729 a
2328 1677 2491 1752 part.

286 1758 333 1845 ἤ
380 1766 668 1833 ordiatur
711 1773 1071 1857 responsiO,
1117 1770 1195 1834 cl.
1240 1769 1323 1834 ad
1369 1771 1432 1834 Z
1472 1773 1533 1835 4.
1581 1771 1791 1836 1030a
1823 1771 1883 1834 3.
1929 1807 2017 1819 -
2057 1770 2149 1834 α3
2192 1767 2366 1847 ἴσως,
2413 1770 2493 1836 cf.

286 1868 371 1935 ad
416 1872 488 1935 A
532 1874 593 1936 5.
639 1875 809 1941 987⁶
847 1877 952 1939 26.
1001 1909 1083 1923 -
1127 1875 1219 1939 ⁶3
1264 1869 1479 1959 ὥσπερ
1528 1862 1646 1941 οὖν
1689 1875 1824 1939 κτλ.
1916 1872 2232 1938 Particula
2277 1863 2397 1940 οὖν
2439 1876 2496 1940 si

286 1984 387 2041 est
417 1980 715 2064 genuina,
759 1999 893 2043 non
926 1978 1183 2044 videtur
1215 1987 1365 2064 post
1401 1974 1674 2061 δυνάμει
1708 1980 1801 2044 αὖ
1841 1977 2069 2044 deesse
2104 1997 2300 2063 posse
2339 1998 2494 2063 apo·

284 2078 465 2144 dosis
503 2081 691 2146 huius
725 2081 861 2146 fere
898 2085 1279 2148 sententiae:
1326 2076 1533 2157 οὕτως
1578 2078 1727 2147 οὐδὲ
1770 2075 1893 2161 τὴν
1935 2083 2063 2165 γῆν
2106 2083 2242 2146 ἔστι
2285 2082 2495 2164 λέγειν

284 2177 561 2267 δυνάμει
603 2177 990 2273 ἄνθρωπον.
1080 2187 1360 2252 Leniore
1403 2184 1652 2251 medela
1705 2189 2022 2251 enunciati
2067 2185 2492 2252 conformatio

283 2286 541 2352 videtur
583 2291 831 2354 restitui
874 2311 1098 2375 posse,
1146 2291 1457 2376 particula
1508 2280 1628 2356 οὖν
1675 2302 1786 2356 aut
1829 2294 2059 2356 omissa
2103 2300 2216 2355 aut
2257 2300 2493 2355 mutata

284 2394 352 2456 in
399 2386 502 2457 ἄν.
549 2432 637 2442 -
677 2397 768 2459 ⁶9
817 2396 886 2458 ἐν
929 2389 1171 2478 τούτῳ,
1228 2396 1269 2459 i.
1303 2416 1358 2459 e.
1405 2398 1477 2458 ἐν
1519 2395 1613 2476 τῷ
1657 2389 1929 2477 δυνάμει
1973 2386 2116 2459 ὄντι
2159 2396 2366 2477 οἰκίᾳ,
2421 2404 2494 2460 ut

284 2520 386 2561 vv.
433 2498 513 2586 τῇ
555 2486 674 2587 ὕλῃ
718 2519 837 2583 per
870 2508 1031 2584 part.
1062 2500 1173 2563 καί
1221 2496 1577 2584 explicandi
1621 2520 1812 2563 causa
1850 2497 2062 2563 addita
2102 2501 2245 2576 sint,
2290 2498 2369 2562 cf.
2410 2497 2492 2562 ad

284 2602 351 2666 Z
384 2602 489 2665 12.
531 2604 740 2668 1038a
771 2606 830 2669 7.
905 2604 1264 2688 Quominus
1309 2623 1495 2688 pron.
1544 2596 1754 2684 τούτῳ
1801 2602 2102 2667 artificem
2148 2601 2493 2688 significari

281 2717 520 2792 putem,
568 2729 730 2793 quae
776 2718 875 2773 est
902 2705 1293 2793 Schwegleri
1331 2705 1411 2770 ad
1450 2705 1512 2769 h.
1552 2703 1592 2770 l.
1634 2708 1966 2784 sententia,
2009 2707 2308 2793 proximis
2340 2724 2492 2790 pro·

282 2810 516 2875 hibeor
574 2811 782 2876 verbis
832 2813 996 2876 all:
1063 2812 1258 2874 τοῦτο
1316 2804 1591 2890 δυνάμει
1648 2810 1851 2885 οἰκία,
1924 2830 2084 2894 quae
2152 2829 2285 2873 non
2342 2828 2492 2895 pos-

284 2924 435 2979 sunt
480 2914 624 2992 alio,
668 2919 793 2980 nisi
837 2913 919 2979 ad
963 2916 1283 2981 materiam
1332 2912 1611 2981 aedificii
1654 2912 1899 2977 referri.
1932 2949 2013 2964 —
2053 2914 2191 2977 alo
2234 2913 2353 2977 τοῦ
2389 2913 2491 2995 γί-

282 3021 574 3101 γνεσθαι
618 3022 849 3096 οὶκίαν,
895 3020 1213 3106 genitivus
1261 3037 1609 3103 suspensus
1650 3039 1684 3080 a
1723 3040 1782 3080 v.
1814 3012 2057 3095 κωλύει,
2102 3016 2180 3079 cf.
2218 3017 2377 3081 Xen.
2407 3017 2488 3080 H.

282 3120 367 3187 G.
407 3122 496 3187 lIl
534 3124 593 3200 2,
629 3123 733 3187 21.
786 3160 864 3175 --
910 3124 1047 3186 1115
1093 3123 1192 3186 δεῖ
1234 3117 1362 3208 γὰρ
1409 3126 1480 3185 ἐν
1523 3115 1720 3203 ἄλλῳ,
1763 3122 1874 3183 int.
1921 3120 2294 3202 γίγνεσθαι.

422 3218 631 3290 10‘49a
658 3228 741 3291 18
782 3228 995 3290 ἔοικε
1039 3263 1125 3287 .--
1163 3227 1247 3289 ⁶2
1290 3219 1668 3309 ἀόριστα.
1745 3224 1839 3286 Ex
1875 3225 2011 3308 ipsa
2045 3220 2489 3286 dicendi÷eon-

283 3328 622 3397 suetudine
648 3333 895 3417 signum
923 3328 1242 3414 quoddam
1271 3329 1377 3393 Ar.
1403 3330 1650 3413 repetit,
1681 3325 1852 3395 unde
1877 3318 2303 3413 cognoscatur
2326 3344 2488 3410 quae

283 3435 369 3499 sit
411 3438 699 3519 potentia
737 3432 840 3498 vel
877 3435 1162 3519 proxima
1192 3434 1451 3501 materia
1482 3431 1748 3497 alicuius
1777 3433 1898 3507 τοὶς
1943 3432 2233 3497 nimirum
2265 3450 2339 3494 ex
2369 3430 2490 3497 hac

282 3542 604 3623 potentia,
649 3538 815 3605 flexo
862 3540 1120 3605 nomine
1164 3538 1514 3618 (ἐκείνινον
1552 3537 1744 3617 alo),
1789 3534 2145 3621 appellatur
2188 3556 2291 3601 res
2336 3533 2487 3601 inde

282 3652 443 3719 orta,
486 3641 684 3711 veluti
731 3645 1028 3728 quoniam
1073 3641 1314 3730 liguum
1360 3642 1648 3726 potentia
1693 3650 1792 3713 est
1826 3642 2038 3717 cistae,
2084 3643 2238 3705 cista
2270 3639 2489 3725 appel·

280 3743 449 3811 latur
491 3746 724 3835 lignea,
767 3758 957 3832 atque
1005 3767 1078 3811 ex
1114 3748 1233 3813 hac
1263 3747 1739 3829 nuncupatione
1780 3747 2051 3811 vicissim
2088 3743 2371 3831 colligas,
2416 3743 2489 3809 li-

280 3870 478 3937 gnum
524 3873 667 3916 esse
711 3853 1063 3937 potentiam
1108 3852 1331 3924 cistae3
1379 3847 1457 3912 cf.
1502 3848 1566 3910 Z
1608 3850 1664 3914 7.
1715 3849 1925 3915 1033a
1955 3850 1998 3912 5
2041 3869 2175 3933 sqq.
2268 3850 2488 3933 Quare

280 3957 337 4018 si
383 3953 535 4040 quid
582 3965 678 4018 est
721 3953 895 4039 quod
939 3975 1073 4019 non
1122 3974 1197 4018 ex
1241 3952 1361 4017 alia
1402 3973 1472 4015 re
1517 3948 1700 4029 (κατ’
1741 3945 1905 4018 ἄλλο
1944 3954 2118 4031 1125)
2163 3951 2330 4019 flexo
2371 3975 2487 4023 no·
2530 3941 2578 3999 ὅ

280 4060 451 4123 mine
496 4070 913 4145 nuncupatur,
958 4058 1025 4125 id
1063 4055 1298 4123 nullam
1336 4053 1498 4120 ultra
1529 4054 1723 4118 babet
1754 4057 2093 4135 materiam,
2137 4056 2250 4123 sed
2282 4060 2484 4143 ipsum

278 4164 576 4248 princeps
624 4174 720 4227 est
763 4166 1041 4231 materia.
1091 4200 1170 4213 —
1232 4159 1536 4227 Similiter
1593 4158 1822 4245 quibus
1871 4159 2063 4225 rebus
2108 4160 2485 4229 affectiones

281 4265 593 4352 quaedam
639 4260 878 4346 (πάθη
916 4269 1095 4346 1129)
1138 4266 1496 4341 inhaerent,
1553 4286 1666 4331 eae
1711 4264 1887 4331 flexis
1931 4265 2151 4331 harum
2198 4266 2486 4331 affectio-

279 4392 430 4437 num
487 4368 852 4437 nominibus
910 4369 1340 4456 appellantur,
1397 4368 1597 4435 veluti
1648 4391 1812 4455 quae
1856 4391 1958 4435 res
2004 4369 2284 4435 candore
2329 4369 2486 4433 affe·
