3043 4973
2400 284 2550 359 11‘

288 463 539 527 ratione
585 461 989 551 intelligitur-3
1035 460 1367 528 dialectice
1415 466 1580 531 enim
1626 463 1905 550 disputat
1947 471 2018 528 ut
2050 464 2492 549 quaestionum

290 576 510 630 natura
555 564 909 645 illucescat,
965 588 1175 652 neque
1218 587 1376 631 vero
1421 576 1495 634 ut
1536 569 1743 653 ipsum
1788 569 1912 631 iam
1953 588 2171 633 verum
2213 568 2492 633 invenia-

285 678 418 743 tur;
461 689 670 754 neque
700 673 861 735 istae
899 673 1326 756 quaestiones,
1373 692 1529 756 quas
1559 668 1916 757 quindecim
1947 672 2365 758 persequitur,
2409 690 2490 735 eo

285 781 433 837 sunt
489 772 718 838 ordine
774 773 1148 862 dispositae,
1207 776 1315 862 qui
1359 773 1808 860 disputationis
1852 772 2284 839 instituendae
2325 775 2490 837 viam

284 885 430 960 apte
457 878 667 961 possit
694 877 1076 964 significare,
1121 872 1253 955 sed,
1297 876 1473 964 qnod
1506 887 2006 955 consentaneum
2039 888 2136 943 est
2163 876 2305 943 fieri
2333 896 2494 943 non-

283 978 430 1045 dum
478 977 788 1066 explicata
834 983 928 1045 rei
972 992 1215 1061 natura,
1258 980 1571 1046 disiuncta
1615 984 1869 1069 saepius
1913 991 2062 1046 sunt
2103 983 2272 1047 inter
2314 1003 2384 1046 se
2426 991 2494 1046 et

280 1093 601 1168 separata,
661 1104 824 1169 quae
883 1083 1104 1150 eadem
1161 1084 1592 1171 disputatione
1636 1083 1986 1149 dirimenda
2034 1095 2215 1150 erant
2258 1095 2325 1149 et
2364 1083 2494 1149 sol-

281 1185 511 1251 venda.
605 1188 769 1253 Tum
820 1187 992 1261 libro
1037 1188 1106 1254 Γ
1138 1191 1337 1275 ipsam
1396 1186 1648 1253 orditur
1703 1191 1966 1274 primam
2023 1187 2493 1275 philosophiam

286 1289 621 1377 explicare.
688 1290 1109 1377 Inquirendae
1155 1304 1305 1357 sunt
1346 1295 1415 1358 in
1460 1294 1659 1380 prima
1689 1290 2093 1378 philosophia
2128 1313 2354 1363 causae
2386 1313 2492 1357 en-

278 1395 364 1457 tis
407 1404 718 1479 quatenus
766 1406 863 1461 est
907 1416 1019 1459 ens
1065 1397 1147 1475 (c.
1185 1397 1280 1476 1);
1327 1419 1403 1461 ac
1443 1395 1595 1461 licet
1638 1415 1752 1459 ens
1786 1392 2186 1459 multifariam
2231 1391 2493 1472 dicatur,

280 1508 495 1562 tamen
555 1500 703 1583 quia
755 1502 989 1565 entium
1035 1519 1276 1587 genera
1323 1503 1536 1564 omnia
1581 1497 1662 1562 ad
1708 1519 1898 1565 unam
1941 1497 2305 1565 referuntur
2348 1497 2495 1563 sub-

209 1612 213 1617 ’
276 1603 589 1679 stantiam,
635 1603 833 1686 prima
873 1601 1282 1689 philosophia
1321 1626 1447 1669 una
1479 1612 1577 1667 est
1609 1612 1673 1668 et
1701 1600 1962 1688 simplex
1992 1604 2257 1666 scientia
2294 1596 2376 1679 ’(ο.
2400 1603 2491 1681 2).

279 1701 751 1792 Cognoscendi
795 1716 1002 1771 autem
1049 1709 1356 1793 principia
1402 1709 1699 1793 quoniam
1748 1715 1815 1770 et
1846 1708 1980 1791 ipsa
2013 1704 2376 1769 referuntur
2410 1701 2493 1768 ad

279 1829 396 1872 ens
455 1817 769 1894 quatenus
830 1818 928 1872 est
979 1831 1121 1888 ene,
1179 1832 1388 1897 neque
1446 1808 1530 1873 ad
1590 1818 1828 1874 certum
1883 1805 2201 1893 quoddam
2254 1808 2491 1893 entium

275 1933 515 2000 genuS,
560 1933 637 1976 ea
682 1910 988 1999 indagare
1035 1911 1315 1978 eiusdem
1361 1925 1458 1978 est
1502 1916 1741 2000 primae
1784 1911 2231 1998 philosophiae
2275 1916 2357 1988 (c.
2398 1913 2490 1987 3).

275 2016 522 2081 Horum
583 2014 819 2082 deinde
876 2019 1334 2105 principiorum
1393 2012 1928 2102 quod'summum
1977 2026 2073 2081 est
2118 2024 2182 2081 et
2226 2017 2492 2079 certissi-

275 2142 464 2198 mum,
509 2122 888 2207 principium
936 2119 1473 2201 contradictioniS,
1518 2130 1585 2185 et
1626 2117 1801 2205 quod
1846 2118 1999 2183 inde
2041 2116 2282 2205 pendet
2324 2120 2492 2206 prin-

281 2227 515 2310 cipium
561 2224 801 2289 exclusi
842 2223 1049 2302 medii,
1096 2227 1374 2312 exponit,
1419 2233 1484 2288 et
1529 2244 1902 2308 quamquam
1947 2244 2083 2288 non
2121 2222 2358 2287 directa
2399 2244 2493 2289 ar-

278 2331 763 2416 gumentatione
809 2328 1210 2415 comprobat,
1267 2326 1337 2392 id
1394 2327 1570 2413 quod
1622 2337 1885 2414 propter
1927 2329 2127 2414 ipsam
2172 2329 2269 2390 rei
2314 2337 2492 2392 natu·

279 2454 411 2497 ram
470 2431 617 2498 fieri
671 2453 807 2498 non
863 2443 1111 2520 potest,
1167 2434 1524 2520 apagogioe
1571 2440 1780 2496 tamen
1826 2441 2048 2498 contra
2093 2428 2492 2496 adversarios

281 2517 575 2602 defendit
618 2548 684 2602 et
729 2536 898 2603 unde
943 2536 1175 2604 factum
1221 2538 1303 2601 sit
1348 2545 1420 2600 nt
1464 2533 1718 2621 quidam
1749 2533 2116 2621 philosophi
2147 2535 2294 2598 huic
2321 2536 2492 2621 prin·

280 2642 451 2725 cipio
499 2638 918 2705 adversentur
962 2640 1237 2727 explicat
1277 2643 1375 2719 (c.
1406 2640 1667 2718 3-8).
1714 2671 1800 2688 -
1856 2638 1974 2702 His
2019 2640 2384 2704 continetur
2429 2647 2494 2706 et

279 2742 638 2808 absolvitur
681 2742 981 2821 formalis,
1026 2764 1209 2828 quam
1253 2763 1372 2808 nos
1418 2740 1770 2819 dixerimus,
1813 2764 1957 2828 pars
2000 2744 2240 2829 primae
2286 2741 2493 2828 philo·

279 2848 575 2933 sophiae,
635 2867 796 2931 quae
843 2856 939 2910 est
983 2844 1065 2911 de
1108 2848 1434 2934 principiis
1481 2844 1951 2933 cognoscendi3
2008 2844 2270 2911 alteram
2329 2868 2492 2910 eam·

282 2973 405 3037 qne
448 2950 653 3038 longe
699 2952 1017 3035 potiorem
1061 2958 1302 3035 partem
1348 2947 1428 3014 de
1471 2951 1799 3035 principiis
1846 2952 2007 3014 entis
2052 2963 2360 3037 quatenus
2396 2959 2494 3015 est

282 3075 395 3120 ens
443 3075 636 3140 quum
682 3052 995 3138 explicare
1039 3054 1337 3134 instituit,
1394 3057 1659 3139 primum
1716 3051 1932 3118 denuo
1991 3057 2320 3119 notionem
2364 3054 2493 3139 pri·

283 3180 421 3222 mae
465 3156 919 3244 philosophiae
964 3154 1329 3246 diligentius
1374 3155 1695 3235 describit,
1738 3155 2051 3223 distinctis
2091 3161 2256 3222 inter
2290 3178 2359 3220 se
2397 3155 2489 3222 di·

285 3264 480 3325 versis
538 3261 987 3348 philosophiae
1042 3260 1382 3348 generibus
1439 3260 1548 3340 (E
1585 3263 1684 3341 1).
1775 3260 1957 3324 Entis
2016 3270 2253 3338 autem,
2314 3262 2490 3324 cuius

297 3367 607 3448 quaeritur
644 3367 951 3451 cognitio,
995 3388 1186 3451 quum
1230 3374 1503 3451 quatuor
1547 3366 1939 3451 potissimum
1983 3362 2267 3429 ferantur
2310 3374 2492 3428 nota-

290 3468 521 3547 tiones,
580 3489 695 3534 ens
742 3467 1167 3548 accidentale,
1219 3490 1331 3533 ens
1378 3467 1554 3554 quod
1598 3467 1917 3557 significat
1959 3471 2317 3546 veritatem,
2378 3487 2491 3532 ens

284 3567 651 3637 distinctum
694 3593 812 3658 per
855 3571 1137 3662 singulas
1184 3574 1570 3659 categorias,
1616 3570 1892 3659 denique
1940 3594 2052 3637 ens
2094 3574 2381 3658 potentia
2428 3581 2495 3636 et

283 3683 458 3754 actu,
513 3678 748 3762 primas
796 3675 954 3740 duas
999 3676 1081 3742 ab
1127 3676 1246 3739 hac
1292 3675 1720 3762 disputatione
1764 3674 2002 3740 alienas
2047 3697 2185 3741 esse
2232 3675 2493 3741 demon-

280 3788 487 3868 st1·at;¹
522 3778 914 3844 accidentale
959 3782 1128 3844 enim
1174 3800 1287 3845 ens
1331 3780 1657 3843 scientiam
1702 3778 2032 3846 admittere
2075 3778 2343 3857 nullam,
2388 3802 2493 3844 ve·

280 3884 537 3950 ritatem
604 3893 812 3948 autem
881 3884 1329 3971 cognoscentis
1388 3882 1687 3948 affectum
1747 3882 2059 3968 quendam
2113 3882 2492 3971 significare,

280 4006 416 4050 non
475 3985 799 4071 peculiare
836 3990 1092 4052 ·entium
1152 4007 1356 4073 genus
1414 3989 1507 4066 (c.
1552 3986 1811 4065 2—4).
1910 3986 2132 4073 Itaque
2191 3988 2270 4052 ad
2328 3987 2492 4053 illud

281 4092 511 4156 transit
556 4110 688 4167 ens,
733 4089 905 4176 quod
951 4089 1357 4176 distinguitur
1391 4111 1509 4176 per
1538 4110 1777 4177 genera
1809 4094 2284 4178 categoriarum,
2332 4112 2491 4179 quae

284 4195 588 4277 quoniam
636 4191 717 4256 ad
762 4193 1170 4259 substantiam
1214 4192 1573 4257 referantur
1617 4197 1848 4273 omnia,
1894 4196 2304 4282 substantiam
2351 4216 2491 4261 esse

282 4296 790 4383 investigandam
837 4299 942 4378 (Z
967 4301 1067 4379 1).
1140 4297 1349 4382 Quam
1394 4295 1807 4363 substantiam
1854 4321 2043 4385 quum
2090 4298 2198 4363 alii
2244 4299 2381 4363 aliis
2426 4301 2491 4362 in

280 4399 634 4487 generibus
691 4401 815 4466 sibi
871 4401 1209 4468 videantur
1264 4402 1587 4467 invenisse
1646 4412 1711 4468 et
1768 4412 2041 4489 quatuor
2096 4403 2230 4467 fere
2276 4401 2493 4467 distin-
