3043 4973
1160 255 1243 328 Η
1268 251 1349 329 ’4.
1437 253 1705 331 1044a.
2392 259 2530 333 371

325 435 380 500 A
411 436 470 498 4.
505 435 715 499 10150
741 436 800 498 7.
851 434 957 497 24.
993 432 1202 500 loaaa
1224 433 1335 498 27.
1402 432 1622 498 Veluti
1662 430 2041 524 φλέγματός
2083 439 2222 500 ἐστι
2261 432 2535 523 πρώτη

325 532 448 617 ὕλη
492 530 577 601 τὰ
622 537 860 620 γλυκέα
900 530 950 617 ἢ
993 531 1239 621 λιπαρά
1281 537 1413 600 κτλ.
1499 539 1712 602 Recte
1750 538 2113 603 Alexander
2156 562 2218 624 p.
2253 539 2403 617 525,
2441 541 2538 603 ’λθ

326 662 467 706 voc.
498 635 722 727 πρώτη
760 640 1032 726 explicat
1066 640 1314 704 addito:
1352 641 1467 704 καὶ
1496 638 1852 726 προσεχήςι
1883 641 2154 729 intelligi
2191 648 2356 708 enim
2389 663 2537 729 pro-

325 748 546 809 ximam
592 748 915 810 materiam
961 765 1036 808 ex
1084 763 1164 808 eo
1212 747 1637 830 cognoscitur,
1683 746 1855 830 quod
1903 745 2139 810 deinde
2185 745 2338 812 dicit
2376 749 2539 812 hanc

325 852 590 936 pituitae
638 859 703 913 et
745 848 1056 913 diversam
1102 846 1184 911 ab
1232 868 1305 911 ea
1344 846 1488 911 bilis
1513 853 1846 913 -materiam
1883 849 2158 914 fortasse
2198 872 2272 914 ex
2311 851 2536 918 iisdem

327 951 685 1038 primordiis
733 964 796 1017 et
840 951 1169 1016 elementis
1221 950 1603 1037 repetendas
1663 973 1803 1016 esse
1861 950 2055 1031 (ἴσως
2098 955 2168 1020 δὲ
2213 955 2424 1020 ταῦτα
2469 961 2539 1019 ὲκ

324 1059 447 1121 τοῦ
498 1053 709 1121 αὐτοῖ
755 1058 965 1137 als),
1025 1077 1182 1141 aqua
1241 1058 1559 1133 nimirum,
1615 1066 1780 1120 terra
1837 1056 1950 1121 rel.
2042 1059 2125 1121 Et
2167 1079 2537 1143 quamquam

324 1162 580 1224 minime
622 1159 1025 1245 probandum
1074 1170 1186 1239 est,
1231 1161 1405 1246 quod
1447 1159 1675 1224 eodem
1711 1159 2034 1226 vocabulo
2074 1164 2332 1247 πρῶτος
2369 1183 2540 1227 nunc

325 1285 479 1330 usus
536 1275 635 1328 est
691 1264 770 1329 ad
830 1262 1311 1350 significandam
1368 1267 1716 1348 proximam
1775 1268 2099 1330 materiam
2156 1265 2277 1344 (cf.
2327 1267 2540 1331 104⁴ss

328 1370 433 1447 16,
462 1370 578 1434 20:
621 1362 699 1433 τὸ
743 1369 1069 1456 πρῶτον
1109 1364 1427 1452 πάσχον),
1473 1389 1603 1454 quo
1634 1368 1854 1455 paullo
1887 1378 2053 1448 ante,
2091 1371 2242 1445 1116,
2280 1373 2538 1453 primam

327 1484 393 1538 et
424 1474 902 1537 remotissimam
941 1470 1325 1558 significavit
1358 1475 1708 1538 materiam:
1747 1493 1822 1540 ea
1853 1483 2064 1537 tamen
2097 1481 2162 1537 et
2190 1492 2331 1536 voc.
2362 1473 2539 1559 πρῶ-

327 1601 442 1653 τος
487 1586 586 1642 est
630 1574 1004 1664 ambiguitas
1050 1574 1172 1657 (cf.
1221 1573 1302 1638 ad
1342 1574 1398 1639 A
1432 1579 1492 1640 6.
1537 1578 1748 1641 1016:
1783 1579 1910 1656 19)
1957 1586 2021 1641 et
2068 1573 2427 1640 Aristotelis
2471 1579 2539 1640 in

327 1679 667 1746 scribendo
712 1677 1139 1766 negligentia,
1198 1688 1268 1744 ut
1312 1697 1445 1742 non
1491 1688 1737 1764 putem,
1797 1699 1960 1766 quae
2006 1689 2108 1743 est
2148 1678 2540 1767 Schwegieri

329 1788 670 1862 sententia,
726 1793 1073 1870 propterea
1133 1805 1272 1848 cum
1330 1782 1473 1848 cod.
1521 1784 1613 1848 Ab
1661 1783 2010 1850 omittenda
2064 1803 2204 1848 esse
2255 1803 2358 1846 vv.
2403 1788 2543 1849 ἐστι

327 1885 551 1974 πρώτη
595 1884 737 1967 ὕλη.
788 1901 867 1938 -2
929 1887 1057 1952 Sed
1119 1891 1304 1952 etiam
1361 1888 1744 1974 peculiares·
1774 1889 2076 1952 materiae
2130 1885 2347 1972 plures
2392 1907 2540 1972 pov

328 2005 481 2068 sunt
538 1987 819 2057 eiusdem
875 1995 969 2056 rei
1029 2013 1196 2071 esse,
1251 1990 1451 2057 veluti
1509 1996 1778 2078 pituitae
1831 1994 2096 2055 materia
2156 2002 2223 2055 et
2277 1994 2540 2079 pinguia

330 2118 473 2162 esse
518 2108 811 2182 possunt·
839 2107 902 2161 et
945 2095 1171 2173 dulcia,
1216 2099 1267 2159 si
1315 2094 1512 2160 altera
1551 2115 1630 2160 ex
1668 2093 1883 2160 alteris
1923 2098 2230 2173 oriantur,
2274 2097 2540 2181 pinguia

331 2200 479 2267 dico
511 2222 585 2265 ex
624 2200 936 2265 dulcibus.
1006 2199 1146 2265 Alia
1193 2201 1377 2264 etiam
1426 2202 1678 2264 ratione
1721 2219 1802 2265 ex
1848 2199 1978 2263 bile
2023 2197 2147 2262 dici
2196 2205 2414 2284 potest
2448 2202 2541 2284 pi-

330 2308 488 2371 tuita
533 2304 706 2383 fieri,
757 2306 849 2387 τῷ
892 2299 1314 2369 ἀναλύεσθαι
1356 2309 1449 2378 εὶς
1489 2296 1612 2382 τὴν
1655 2299 1919 2390 πρώτην
1961 2296 2125 2381 ὕλην
2169 2295 2293 2381 τὴν
2331 2299 2541 2386 χολήν

328 2411 483 2489 022,
527 2402 591 2472 hJ
623 2430 677 2473 e.
723 2412 810 2472 ita
856 2417 927 2471 ut
969 2407 1160 2474 bilem
1206 2409 1468 2494 pn‘mum
1514 2405 1860 2471 resolutam
1905 2408 2436 2494 essecogitemus
2472 2409 2542 2469 in

328 2520 528 2602 prima
589 2513 931 2589 elementa,
991 2533 1065 2576 ex
1124 2512 1353 2598 quibus
1402 2510 1666 2575 deinde·
1691 2514 1994 2599 progigni
2040 2520 2254 2596 potest
2291 2512 2542 2595 pituita,

331 2619 411 2683 cf.
453 2622 605 2684 024.
697 2619 950 2682 Etenim
1010 2637 1099 2680 ex
1158 2616 1433 2700 aliquo
1492 2634 1618 2678 ess
1635 2635 1688 2678 e·
1730 2613 1956 2678 latiore
2009 2610 2244 2678 dicitur
2285 2613 2543 2689 ambitu,

331 2746 516 2810 quam
562 2745 745 2809 quem
792 2723 1092 2785 materiae
1137 2718 1330 2783 habet
1373 2721 1578 2796 notio,
1633 2717 1711 2781 cf.
1760 2717 1840 2782 ad
1887 2719 1942 2783 Δ
1977 2719 2094 2793 245
2140 2736 2328 2802 quum
2377 2718 2543 2779 enim

331 2827 567 2914 duplex
625 2830 710 2891 sit
755 2824 1108 2913 generandi
1151 2827 1282 2901 via,
1343 2821 1539 2887 altera
1581 2825 1832 2905 γένεσις
1873 2818 2057 2901 ἁπλῆ
2102 2840 2291 2907 quum
2337 2841 2373 2883 a
2415 2841 2548 2883 ma-

331 2934 490 2997 teria
535 2931 641 2995 vel
687 2952 724 2993 a
770 2929 1095 2994 deteriore
1136 2929 1339 2993 forma
1386 2926 1467 2992 ad
1512 2924 1844 2991 definitum
1892 2944 2125 3012 corpus
2163 2923 2274 2990 vel
2313 2923 2392 2988 ad
2432 2944 2547 3010 po-

330 3039 561 3101 tiorem
599 3035 865 3099 formam
902 3032 1291 3120 proceditur,
1334 3031 1536 3097 altera
1580 3048 1744 3116 quae
1784 3031 1930 3094 huic
1968 3040 2064 3094 est
2101 3032 2399 3115 opposita
2439 3030 2546 3112 ys·

331 3162 506 3216 νεσις
550 3134 721 3203 κατὰ
766 3131 1206 3222 συμβεβηκός,
1260 3145 1534 3220 utraque
1584 3138 1836 3198 ratione
1879 3132 2426 3198 =alterum⁴dicivur
2474 3152 2547 3195 ex

334 3243 537 3308 altero
574 3243 734 3321 fieri,
782 3242 861 3306 cf.
892 3242 1084 3326 Phys.
1119 3240 1148 3303 Ι
1186 3242 1246 3304 5.
1284 3240 1448 3303 1880
1482 3240 1597 3303 15:
1641 3238 1753 3300 καὶ
1795 3233 1918 3320 οὐχ
1960 3233 1997 3301 ὁ
2045 3231 2248 3310 αὐτὸς
2287 3230 2547 3321 τρόπος,

334 3343 425 3423 ὡς
477 3346 759 3417 πλίνθοι
816 3343 885 3424 ἐξ
944 3346 1156 3419 οἰκίας
1209 3344 1323 3407 καὶ
1374 3343 1550 3405 οἰκία
1593 3346 1670 3403 ἐκ
1712 3340 2050 3417 πλίνθων,
2106 3334 2275 3403 οὕτω
2321 3338 2391 3402 δὲ
2436 3340 2549 3401 καὶ

332 3444 508 3536 ὕδωρ
560 3452 677 3513 καὶ
736 3443 865 3535 ἀὴρ
925 3443 995 3526 ἐξ
1051 3441 1355 3525 ἀλλήλων
1399 3446 1512 3508 καὶ
1559 3444 1681 3507 stol
1719 3443 1836 3506 aa}
1882 3445 2196 3525 γίνονται.
2283 3440 2407 3505 lna
2451 3462 2547 3504 ra-

333 3557 527 3618 tione·
558 3572 748 3638 quum
794 3552 876 3616 de
921 3551 1340 3639 generatione
1384 3568 1538 3612 vere
1581 3546 2041 3634 progrediente
2085 3549 2222 3609 sive
2265 3544 2551 3632 simplice

335 3660 580 3745 agimus
628 3652 772 3736 (ὅτι
808 3649 953 3741 πρὸ·
974 3651 1140 3719 ὁδοῦ
1173 3655 1357 3718 ἔσται
1395 3653 1549 3730 024,
1593 3651 1655 3713 h.
1685 3671 1743 3714 e.
1792 3645 1896 3715 ὅτι
1928 3651 2114 3716 ἔσται
2149 3652 2549 3734 προερχομὲ*

334 3783 453 3840 νης
495 3761 616 3840 τῆς
657 3762 1036 3844 γενέσεως),
1093 3760 1383 3842 pituitam
1439 3756 1587 3819 fieri
1647 3755 1911 3819 dicimus
1972 3775 2046 3818 ex
2090 3752 2439 3840 pinguibus
2485 3761 2553 3815 et

336 3863 629 3930 dulcibus
666 3865 1023 3937 elementis3
1063 3863 1189 3925 hoc
1225 3882 1414 3925 sensu
1455 3872 1528 3924 ut
1562 3858 1992 3946 intefligamus
2024 3851 2147 3935 τήν
2180 3849 2352 3920 κατὰ
2388 3874 2551 3940 συμ-

336 3963 622 4052 βεβηκὸς
664 3972 928 4051 γένεσιν,
975 3984 1164 4052 quum
1212 3964 1467 4051 quidem
1512 3984 1616 4026 res
1664 3958 1932 4025 definita
1972 3962 2036 4023 in
2078 3963 2399 4024 materiam
2444 3958 2551 4022 vel

336 4072 703 4136 inferiorem
745 4071 1059 4159 dignitate
1096 4070 1361 4134 formam
1399 4067 1744 4139 resolvitur
1786 4059 1938 4143 (ὅτι
1973 4062 2557 4138 ἀναλυθέντος·εὶς

337 4171 462 4255 τὴν
506 4172 716 4259 ἀρχήν
757 4177 933 4255 1124)
972 4177 1278 4260 pituitam
1339 4194 1412 4236 ex
1470 4169 1605 4235 bile
1648 4170 1792 4235 fieri
1837 4166 2116 4233 dicimus.
2210 4164 2315 4231 Cf.
2364 4165 2443 4229 ad
2494 4168 2555 4230 1.

341 4278 547 4345 lomb
573 4282 633 4344 7.
669 4316 750 4329 —
798 4280 893 4342 Ex
940 4278 1160 4345 eadem
1208 4278 1469 4341 materia
1512 4283 1790 4360 possunt
1830 4270 2147 4341 interdum
2194 4290 2314 4355 per
2352 4270 2556 4334 diver-

339 4387 587 4449 sitatem
636 4403 862 4448 causae
907 4385 1252 4461 moventis,
1308 4380 1508 4445 veluti
1557 4378 1737 4456 artis,
1791 4377 2082 4442 diversae
2126 4395 2229 4438 res
2269 4371 2445 4449 fieri,
2494 4379 2556 4435 et

2041 4481 2149 4535 24·
