3043 4973
512 212 658 288 53ss
1329 213 1433 283 M
1473 205 1545 280 2.
1628 204 1898 281 107611.

515 410 681 478 quae
735 389 1021 454 seiuncta
1078 384 1159 452 ab
1219 383 1346 452 illis
1392 383 1685 450 absolute
1732 385 2061 460 exsistant,
2115 382 2268 447 item
2311 387 2566 467 praeter
2607 377 2729 443 has

513 498 737 560 iterum
794 490 1166 579 superficies
1221 488 1424 555 lineas
1483 499 1549 553 et
1604 498 1872 574 puncta,
1927 486 2206 571 denique
2261 494 2516 570 praeter
2569 486 2728 547 istas

512 597 714 664 lineas
755 605 1015 684 puncta.
1105 595 1280 659 Haec
1323 597 1378 658 si
1421 604 1736 670 tenemus,
1791 590 1944 657 inde
1997 587 2335 655 conficitur
2378 598 2451 653 ut
2493 607 2728 673 corpo-

511 724 648 768 rum
695 700 1281 766 mathematicorum
1322 719 1516 762 unum
1562 707 1841 783 ponatur
1883 715 2092 783 genus
2136 690 2312 784 illud,
2359 691 2535 778 quod
2579 693 2728 758 sime

510 801 765 895 pliciter
805 813 1063 891 praeter
1106 822 1384 888 corpora
1428 799 1744 865 naturalia
1789 820 1907 885 per
1949 819 2019 863 se
2065 819 2206 863 esse
2250 799 2574 871 statintun
2621 818 2729 860 su-

512 909 918 998 perficierum
942 918 1152 975 autem
1178 905 1755 970 mathematicamm
1787 906 1904 968 tria
1935 900 2270 968 statuenda
2297 903 2430 967 sint
2455 920 2728 988 genera:

514 1036 726 1093 unum,
753 1012 928 1099 quod
957 1014 1220 1098 ponitur
1247 1019 1505 1094 praeter
1533 1007 1904 1094 superficies
1934 1000 2413 1085 sensibiles‘std
2441 1026 2509 1069 τε
2538 996 2728 1089 παρὰ

515 1111 601 1185 τὰ
636 1111 939 1196 αἰσθητά
974 1117 1163 1194 ⁶31),
1204 1112 1491 1190 alterum,
1537 1111 1713 1199 quod
1757 1115 1925 1177 inest
1958 1113 2026 1177 in
2068 1108 2450 1197 corporibus
2489 1107 2729 1173 mathe-

396 1228 411 1237 “
517 1225 756 1288 maticis
803 1213 929 1300 (τοὶ
965 1222 1036 1283 ἐν
1074 1223 1214 1292 τοῖς
1248 1217 1751 1301 μαθηματικοῖς
1788 1221 2075 1299 στερεοῖς
2110 1217 2257 1293 ὺ31,
2302 1234 2464 1300 quae
2503 1210 2724 1278 eadem

519 1326 817 1392 dimntnr
845 1317 928 1387 τὰ
958 1325 1030 1388 ἐν
1062 1328 1203 1397 τοῖς
1236 1314 1670 1399 ἀκινήτοις
1704 1327 1993 1406 στερεοῖς
2025 1321 2212 1397 ⁶21),
2247 1321 2514 1395 tertium,
2548 1315 2725 1402 quod

514 1452 633 1518 per
677 1449 747 1493 se
794 1429 1093 1492 exsistere
1122 1427 1418 1490 statuitur
1446 1427 1798 1489 seiunctum
1832 1446 1868 1487 a
1899 1422 2358 1509 superficiebus
2389 1424 2726 1487 terminan-

518 1533 690 1600 tibus
735 1551 1009 1618 corpora
1052 1529 1491 1594 mathematica
1536 1520 1661 1609 (τὰ
1704 1522 1892 1614 παρὰ
1926 1520 2014 1592 τοὶ
2052 1531 2126 1592 ἐν
2157 1522 2416 1603 τούτοις
2450 1527 2598 1604 ὂκ32,
2643 1525 2723 1591 cf.

517 1636 601 1704 de
642 1634 867 1702 addito
913 1642 1064 1699 ante
1106 1628 1293 1721 παρά
1337 1632 1624 1703 articulo.
1640 1631 1804 1699 obs.
1833 1654 1897 1718 p.
1921 1633 2066 1710 58).
2140 1631 2480 1697 Linearum
2517 1639 2726 1695 autem

519 1751 795 1829 quatuor
853 1746 1039 1826 erunt
1093 1759 1357 1826 genera:
1417 1733 1502 1802 τά
1552 1758 1621 1801 τε
1664 1730 1849 1823 παρὰ
1895 1728 1979 1800 τὰ
2023 1728 2326 1814 αἰσθητοὶ
2370 1736 2482 1800 καὶ
2524 1727 2610 1798 τὰ
2653 1739 2727 1799 ὲν

517 1852 659 1921 τοῖς
713 1845 1214 1930 μαθηματικοῖς
1270 1846 1559 1929 στερεοῖς
1614 1841 1723 1906 καὶ
1782 1835 1868 1904 τὰ
1921 1843 1992 1903 ἐν
2044 1847 2184 1915 τοῖς
2225 1839 2728 1923 μαθηματικοῖς

517 1949 844 2024 ἐπιπέδοις
896 1954 1039 2023 τοῖς
1093 1935 1242 2012 οὖσι
1295 1939 1480 2031 παρὰ
1536 1938 1623 2010 τὰ
1678 1936 2124 2028 μαθηματικοὶ
2183 1935 2416 2029 στερεοὶ
2472 1942 2585 2008 καὶ
2639 1934 2725 2005 τὰ

514 2045 702 2137 παρὰ
755 2045 844 2118 τὰ
896 2055 968 2118 ἐν
1021 2045 1282 2126 τούτοις
1334 2053 1684 2134 ἑκατέροις.
1780 2049 2169 2113 Punctorum
2227 2044 2414 2113 facile
2463 2056 2727 2132 apparet

518 2161 805 2243 quintum
850 2152 1159 2218 accedere
1202 2175 1427 2241 genus,
1471 2190 1553 2203 -
1601 2154 1685 2217 Et
1725 2152 1891 2218 hanc
1934 2150 2187 2237 quidem
2231 2150 2725 2217 cumulationem

517 2257 875 2325 absurdam*
901 2278 1042 2322 esse
1086 2265 1379 2344 apparet;
1440 2259 1590 2342 quin
1651 2258 1833 2320 etiam
1894 2279 2081 2342 quum
2132 2255 2611 2342 superficierum
2653 2254 2728 2319 li-

515 2383 859 2430 nearumve
915 2360 1491 2426 mathematicarum
1549 2359 1733 2446 plura
1792 2363 1921 2423 sint
1968 2380 2236 2447 genera,
2297 2360 2378 2424 ad
2430 2358 2604 2446 quod
2650 2381 2726 2423 ex

514 2469 614 2534 his
647 2463 991 2557 generibus
1024 2463 1361 2531 referenda
1401 2467 1485 2529 sit
1516 2463 1809 2529 doctrina
1846 2465 2285 2531 mathematica
2320 2463 2580 2530 dubium
2614 2472 2725 2541 est,

514 2576 697 2652 ⁶33„
729 2591 1101 2659 quamquem
1161 2569 1242 2635 ad
1299 2567 1739 2634 confirmanda
1788 2573 1925 2656 ipsa
1972 2571 2272 2636 mathesis
2315 2568 2726 2635 fundamenta

516 2678 677 2742 haec
719 2678 1036 2742 sententia
1079 2677 1416 2761 proposita
1463 2684 1564 2742 est
1592 2677 1674 2755 ¹).

650 2778 854 2865 Quod
898 2777 1148 2857 deinde,
1185 2780 1537 2859 bas—39,
1579 2797 1654 2846 ex
1701 2776 2067 2846 diversitate
2111 2788 2493 2866 punctorum
2537 2787 2726 2846 antea

516 2883 979 2962 demonstrata,
1039 2885 1428 2968 omninoque
1490 2903 1568 2946 ex
1628 2881 1995 2949 diversitate
2051 2906 2262 2952 rerum
2317 2882 2728 2972 singularum,

628 3058 692 3131 1)
728 3062 1018 3115 ABsurdam
1051 3061 1187 3114 illam
1221 3081 1326 3114 esse
1363 3061 1754 3115 cumulationem
1784 3063 1924 3114 facile
1951 3063 2203 3116 Aristoteli
2227 3063 2569 3128 concedimus;
2602 3062 2726 3113 illud

518 3164 687 3203 autem
723 3147 979 3219 quaeritur
1011 3169 1136 3200 num
1171 3169 1283 3201 vere
1322 3168 1423 3211 eos,
1459 3169 1587 3217 quos
1621 3147 1893 3218 impugnat,
1929 3150 2229 3202 adversarios
2263 3149 2318 3200 in
2350 3150 2478 3201 hanc
2513 3146 2725 3200 necessi-

517 3250 673 3289 tatem
702 3236 923 3288 incidere
959 3235 1104 3287 dicat.
1166 3235 1243 3286 Ac
1278 3233 1401 3286 mihi
1437 3233 1641 3303 quidem
1677 3236 1766 3286 Ar.
1804 3235 2029 3287 subtilius
2063 3235 2259 3287 videtur
2294 3235 2542 3305 disputare
2571 3253 2726 3303 quam

518 3325 703 3376 ver-iuss
761 3322 934 3389 Quem
967 3320 1102 3372 enim
1138 3334 1283 3372 antea
1316 3320 1542 3389 priorem
1563 3320 1827 3385 significavi
1861 3321 2209 3376 cumulationis
2238 3324 2447 3384 fontem,
2481 3340 2601 3372 eum
2630 3340 2727 3372 suo

517 3410 629 3464 iure
661 3406 863 3462 infitiari
884 3406 1029 3462 Plato
1062 3408 1260 3477 poterit.
1324 3407 1504 3476 Quum
1538 3406 1675 3459 enim
1709 3427 1921 3478 corpora
1952 3408 2196 3462 naturalia
2229 3407 2334 3460 sine
2368 3406 2728 3478 superficiebus,

517 3495 658 3550 lineis
692 3494 890 3564 punctis
923 3493 1092 3556 sentiri
1125 3493 1384 3559 cogitarive
1420 3507 1686 3564 nequeant,
1720 3507 1926 3564 propter
1958 3493 2012 3546 id
2044 3494 2212 3564 ipsum
2245 3515 2349 3547 non
2385 3509 2473 3556 est,
2510 3515 2601 3545 cur
2628 3514 2724 3564 po·

519 3580 620 3634 sitis
655 3565 756 3633 iam
789 3593 986 3649 praeter
1022 3599 1234 3650 corpora
1267 3579 1512 3631 sensibilia
1546 3579 1904 3632 mathematicis
1940 3581 2231 3651 corporibus
2246 3619 2260 3644 ,
2294 3582 2498 3651 insuper
2530 3593 2727 3649 praeter

518 3665 804 3737 superficies
839 3666 1086 3718 naturales
1119 3685 1367 3735 ponamus
1402 3666 1773 3718 mathematicas
1809 3680 1861 3719 et
1893 3667 1961 3718 sic
1995 3688 2172 3736 porro3
2207 3668 2352 3736 plene
2388 3666 2523 3719 enim
2560 3680 2609 3717 et
2635 3667 2726 3718 ab·

518 3754 678 3805 solute
714 3753 837 3805 illud
870 3752 974 3805 iam
1008 3754 1293 3804 confectum
1328 3766 1416 3814 est,
1456 3752 1546 3803 ubi
1581 3773 1793 3822 corpora
1826 3753 2174 3805 mathematica
2208 3752 2416 3805 seorsim
2449 3750 2726 3805 exsistentia

517 3838 794 3894 statuimus.
870 3839 1043 3908 Quam
1077 3858 1196 3891 vero
1229 3840 1437 3891 alteram
1471 3838 1572 3890 dixi
1606 3839 1952 3893 cumulationis
1989 3857 2215 3903 causam,
2258 3858 2319 3892 ea
2352 3859 2472 3892 sane
2504 3839 2728 3910 pecu&-

518 3945 629 3980 rem
660 3924 814 3991 tangit
845 3924 994 3978 huius
1031 3925 1285 3978 doctrinae
1318 3925 1685 3991 difficultatum
1719 3926 1761 3978 si
1787 3926 1922 3979 enim
1944 3926 2292 3980 mathematica
2314 3947 2527 3998 corpora
2548 3943 2726 3995 super-

520 4012 656 4066 ficies
690 4012 849 4066 lineae
884 4026 1071 4082 puncta
1106 4031 1224 4064 cum
1259 4012 1645 4064 substantiarum
1690 4012 1919 4078 <lignitate
1961 4027 2247 4083 ponuntur,
2288 4013 2437 4079 igitur
2469 4013 2511 4064 si
2541 4031 2636 4082 per
2671 4031 2723 4064 se

519 4097 747 4150 exsistere
783 4111 1091 4161 statuuntur,
1129 4098 1369 4169 quoniam
1406 4119 1611 4169 corpus,
1654 4097 1752 4150 sive
1790 4098 2196 4152 mathematicum
2232 4099 2406 4151 dixeris
2442 4098 2539 4151 sive
2574 4112 2718 4149 natu-

522 4181 637 4246 rale,
673 4203 776 4235 non
811 4198 977 4253 potest
1011 4182 1211 4250 cogitari
1244 4183 1338 4236 nisi
1364 4205 1481 4237 cum
1504 4185 1860 4255 superficiebus
1881 4185 2021 4238 lineis
2047 4185 2242 4256 punctis
2268 4207 2324 4238 ac
2347 4185 2530 4255 pariter
2550 4204 2724 4254 porro,

519 4271 643 4323 haec
679 4271 939 4341 quomodo
968 4270 1102 4323 inter
1134 4290 1186 4323 se
1213 4269 1472 4322 conciliare
1494 4271 1714 4340 potuerit
1733 4271 1861 4323 illius
1892 4272 2163 4325 sententiae
2196 4260 2385 4336 auctor,
2420 4272 2575 4324 ardua
2602 4287 2724 4322 sane

520 4371 597 4410 est
624 4358 865 4427 quaestio,
899 4376 1028 4429 qnae
1061 4375 1157 4412 nee
1192 4356 1360 4411 evitan'
1390 4358 1578 4427 poterit
1609 4375 1704 4416 nec
1736 4359 1874 4412 solvi.
