3043 4973
370 248 385 261 ⁸
453 261 597 337 508
1274 265 1353 335 Λ
1402 260 1472 334 8.
1555 258 1738 333 1073
1759 257 1821 331 b.

451 433 701 501 zodiaci
742 433 931 522 polus
976 436 1066 500 ibi
1109 438 1192 501 sit
1235 438 1512 522 positus,
1555 433 1667 499 ubi
1710 434 1929 498 harum
1974 433 2379 519 sphaerarum
2425 450 2649 516 aequa-

452 549 624 603 tores
667 542 835 603 iuter
876 560 947 602 se
990 542 1344 619 secantur).
1436 537 1682 622 Quarta
1738 536 2015 621 denique
2071 536 2335 621 sphaera
2393 536 2485 597 sic
2541 532 2650 597 de-

451 641 764 720 scribitur,
801 641 956 705 b29:
1001 642 1120 721 τῆς
1153 642 1223 706 δὲ
1257 637 1573 727 τετάρτης
1610 637 1734 718 τὴν
1763 631 1988 726 φορὰν
2017 635 2190 703 κατὰ
2222 629 2343 701 τὸν
2375 633 2649 714 λελοξω-

449 746 652 827 μένον
683 739 849 829 πρὸς
880 739 1001 808 τὸν
1032 746 1236 826 μέσον
1280 746 1435 822 (int.
1463 737 1739 822 κύκλον)
1783 735 2028 819 ταύτης
2070 742 2151 819 (i.
2183 759 2238 803 e.
2274 740 2394 818 τῆς
2428 739 2651 825 τρίτης

454 848 805 935 σφαίρας).
873 847 1102 920 Μέσος
1137 841 1368 920 κύκλος
1404 843 1711 930 sphaerae
1750 845 1915 907 circa
1952 852 2235 906 centrum
2269 851 2482 905 motae
2516 861 2650 904 non
2677 845 2694 859 ⁸

450 957 664 1034 potest
706 947 866 1012 alius
911 951 1130 1012 vocari
1171 950 1296 1012 nisi
1331 956 1664 1032 aequator3
1711 945 1992 1010 volvitur
2022 947 2218 1032 igitur
2255 955 2478 1030 quarta
2515 941 2652 1029 pla-

450 1060 640 1115 netae
674 1053 980 1135 cuiusque
1015 1051 1281 1137 sphaera
1316 1053 1423 1128 ita,
1466 1058 1540 1113 ut
1572 1052 1709 1113 eius
1744 1060 2050 1134 aequator
2086 1036 2494 1134 aequatorem
2530 1055 2652 1110 ter-

452 1155 578 1216 tiae
623 1154 926 1237 sphaerae
972 1153 1234 1240 oblique
1278 1161 1479 1231 secet,
1539 1151 1886 1237 eademque
1931 1150 2284 1217 intercedat
2326 1154 2394 1215 in
2439 1154 2651 1238 singu-

452 1253 532 1318 lis
585 1255 857 1340 planetis
911 1259 1077 1320 inter
1133 1266 1416 1342 quartam
1467 1276 1545 1318 ac
1587 1258 1834 1321 tertiam
1880 1256 2208 1340 sphaeram
2254 1256 2416 1318 ratio
2460 1262 2651 1338 atque

452 1360 518 1420 in
564 1356 702 1420 sole
747 1381 824 1423 ac
864 1358 1013 1423 luna
1059 1363 1227 1424 inter
1270 1361 1518 1423 tertiam
1565 1380 1640 1421 ac
1683 1357 2045 1422 secundam.
2121 1357 2425 1423 Ceterum
2461 1348 2653 1442 quum

452 1463 677 1525 tertiae
731 1462 1038 1547 sphaerae
1096 1483 1170 1525 ea
1221 1461 1418 1526 modo
1463 1460 1567 1525 lex
1613 1460 1929 1548 descripta
1972 1464 2083 1540 sit,
2139 1471 2213 1525 ut
2254 1459 2393 1547 poli
2434 1463 2501 1524 in
2546 1479 2653 1523 zo·

454 1562 638 1629 diaco
683 1566 786 1627 siti
828 1567 980 1643 sint,
1038 1567 1103 1628 in
1163 1586 1245 1629 eo
1297 1575 1505 1630 autem
1551 1563 1797 1628 infinita
1842 1575 2079 1650 puncta
2122 1567 2361 1651 pariter
2402 1565 2654 1649 possint

451 1666 623 1752 polis
674 1666 886 1732 locum
945 1666 1124 1745 dare,
1184 1666 1487 1732 Eudoxus
1546 1669 1764 1731 statuit
1816 1667 2009 1753 polos
2067 1670 2291 1732 tertiae
2347 1668 2652 1752 sphaerae

452 1771 729 1834 Veneris
786 1774 854 1833 in
912 1768 1133 1834 eadem
1178 1769 1462 1834 incidere
1506 1768 1755 1833 zodiaci
1797 1781 2034 1856 puncta
2078 1792 2153 1835 ac
2196 1771 2528 1845 Mercurii3
2584 1771 2652 1831 in

453 1877 682 1938 ceteris
726 1881 933 1938 autem
977 1870 1250 1959 planetis
1295 1895 1447 1938 suos
1488 1892 1630 1936 esse
1668 1875 1892 1937 tertiae
1927 1877 2156 1959 cuique
2192 1875 2501 1959 sphaerae
2536 1891 2653 1957 po·

452 1975 571 2041 los.
606 2013 688 2027 —
733 1978 851 2041 His
896 1985 1104 2040 autem
1150 1976 1436 2062 sphaeris
1481 1974 1817 2061 Callippus
1861 1975 2144 2041 nondum
2188 1978 2312 2041 sibi
2346 1978 2520 2040 visus
2558 1983 2656 2037 est

455 2100 558 2158 ea,
620 2101 781 2164 quae
835 2081 904 2142 in
960 2076 1237 2143 siderum
1289 2089 1467 2145 motu
1513 2077 2065 2145 animadvertimus
2110 2073 2234 2161 (τὰ
2280 2074 2653 2166 φαινόμενα

452 2183 617 2261 b36)
661 2181 853 2266 plene
901 2179 1215 2266 explicare
1246 2202 1457 2267 posse,
1501 2180 1618 2245 sed
1657 2181 1981 2247 addendas
2021 2204 2162 2247 esse
2198 2182 2322 2245 soli
2360 2192 2425 2245 et
2462 2181 2652 2245 lunae

451 2283 634 2349 binas
692 2286 944 2367 utrique
998 2283 1297 2367 sphaeras
1341 2280 1498 2364 (δύο
1540 2284 1695 2363 ⁶36,
1752 2289 1796 2350 i.
1830 2307 1883 2348 e.
1930 2282 2047 2350 δύο
2092 2287 2402 2370 ἑκατέρῳ,
2459 2292 2532 2345 ut
2577 2304 2653 2346 ex

451 2388 753 2472 proximis
794 2383 1009 2451 verbis
1055 2389 1390 2472 apparet),
1447 2389 1676 2451 ceteris
1726 2386 1991 2475 singulis
2031 2385 2342 2475 singulas,
2399 2393 2654 2472 praeter

452 2489 791 2554 Saturnum
850 2498 914 2553 et
971 2490 1218 2569 lovem,
1273 2492 1502 2576 quibus
1561 2491 1769 2557 nullas
1828 2493 2088 2557 omnino
2148 2490 2396 2555 adiecit.
2495 2488 2654 2553 Inde

451 2592 611 2658 haec
654 2594 895 2658 exsistit
941 2597 1360 2680 computatio:
1923 2610 1932 2622 ·

1045 2767 1288 2820 Endon„
1321 2770 1497 2820 mbmt
1571 2818 1823 2888 Callippus
1860 2818 2048 2871 addidit
2228 2834 2286 2871 ut
2318 2818 2441 2870 fiant

1159 2854 1390 2923 sphaeras

755 2934 1035 2999 Saturno
1252 2938 1294 2999 4
1779 2937 1826 2999 ss
2315 2939 2358 3001 4

752 3036 893 3100 Iovi
1247 3040 1290 3102 4
1776 3039 1823 3101 ss
2313 3041 2356 3103 4

754 3139 949 3203 Marti
1249 3141 1292 3203 4
1784 3143 1820 3205 l
2313 3144 2356 3208 5

756 3243 999 3306 Veneri
1248 3247 1291 3309 4
1781 3246 1821 3309 1
2314 3247 2357 3311 5

756 3345 1078 3410 Mercurio
1249 3347 1292 3409 4
1786 3349 1822 3411 l
2314 3350 2355 3412 5

756 3445 897 3512 Soli
1249 3449 1301 3512 3·
1780 3451 1826 3514 2
2316 3453 2357 3515 5

757 3550 980 3614 Lunae
1250 3550 1293 3614 3
1783 3553 1826 3616 2
2314 3554 2355 3617 5

1206 3671 1294 3735 26
1787 3674 1824 3737 7
2272 3672 2360 3737 33

590 3796 962 3882 (Descripsi
1005 3794 1171 3860 hanc
1215 3796 1495 3862 tabulam
1542 3817 1620 3861 ex
1662 3799 1830 3864 libro
1876 3798 1919 3864 1.
1964 3798 2240 3863 Krischii
2280 3821 2345 3884 p.
2373 3800 2565 3879 295.)

593 3927 722 3992 Sed
769 3949 854 3994 ne
896 3932 965 3994 in
1009 3930 1130 3995 hac
1173 3930 1427 4018 quidem
1471 3932 1878 4019 sphaerarum
1937 3932 2367 4018 descriptione
2413 3934 2661 4019 acquie-

462 4033 553 4096 sci
610 4053 804 4117 posse
861 4032 1241 4100 Aristoteles
1299 4047 1549 4115 censet,
1585 4038 1731 4103 b38.
1819 4037 2127 4101 Nimirum
2185 4037 2494 4122 sphaerae
2549 4037 2660 4102 Sa-

462 4137 650 4214 turni,
695 4137 804 4219 qui
847 4147 1128 4203 extremo
1176 4137 1336 4203 orbe
1377 4139 1686 4220 volvitur,
1731 4160 1873 4205 eum
1919 4160 2105 4224 quem
2151 4144 2529 4205 coniunctae
2572 4140 2662 4204 ef-

461 4237 684 4304 ficiunt
737 4248 979 4305 motum
1033 4240 1484 4328 propagabant
1541 4241 1624 4306 ad
1679 4245 2023 4329 proximam
2081 4244 2255 4309 lovis
2313 4244 2661 4331 sphaeram,

461 4344 699 4427 pariter
758 4342 1067 4428 sphaerae
1121 4344 1295 4409 Iovis
1354 4342 1434 4409 ad
1495 4348 1842 4431 proximam
1900 4346 2124 4413 Martis
2186 4357 2252 4412 et
2311 4349 2660 4433 superioris
