3043 4973
1122 268 1203 340 Λ
1252 265 1322 340 8.
1405 266 1593 341 1074
1609 267 1673 341 ὁ.
2360 269 2504 343 513

302 441 564 507 dubium
607 441 840 506 videri:
896 445 1080 507 notio
1126 444 1401 509 hominis
1449 444 1671 509 eadem
1720 455 1816 511 est
1858 447 1926 511 in
1971 443 2267 511 omnibus
2309 444 2507 511 homi·-

301 546 508 623 nibuS‚
546 545 784 634 singuli
819 557 1026 611 autem
1064 547 1374 627 homineS,
1411 547 1611 613 veluti
1641 549 1956 629 Socrates,
1992 549 2234 615 Callias
2272 549 2351 615 al.
2390 572 2508 636 per

300 654 597 716 materiae
644 649 1070 715 diversitatem
1117 651 1596 739 distinguuntur
1638 653 1763 733 (cf.
1811 654 1873 717 Z
1911 650 2182 720 1.1.ιτὸ
2227 651 2289 718 δ’
2327 649 2511 719 ἅπαν

301 749 429 835 ἤδη
472 748 549 819 τὸ
596 750 848 819 τοιόνδε
895 749 1065 831 εἶδος
1108 759 1179 820 ἐν
1225 754 1449 823 ταῖσδε
1491 761 1642 831 ταῖς
1686 754 1882 841 σαρξὶ
1916 758 2031 821 καὶ
2069 754 2291 834 ὀστοῖς
2320 757 2510 823 Kak-

300 858 450 934 Mag
505 859 617 922 καὶ
661 852 1061 941 Σωκράτης·
1120 859 1234 922 καὶ
1286 863 1511 944 ἕτερον
1567 859 1688 941 μὲν
1744 852 1855 924 δια
1893 855 2026 939 τὴν
2068 857 2263 940 ὕλην,
2317 863 2511 947 ἑτέρα

300 957 448 1047 γάρ,
492 953 695 1025 ταύτὸ
741 961 810 1024 δὲ
855 963 946 1043 τῷ
990 961 1199 1042 εἴδει).
1275 959 1406 1025 Sed
1450 964 1588 1048 ipsa
1627 961 1973 1028 verborum
2014 963 2351 1050 explicatio
2393 964 2511 1029 dif-

300 1064 517 1139 ficilis3
564 1073 837 1128 extrema
876 1075 1049 1128 certe
1085 1063 1310 1127 verba:
1355 1060 1732 1154 Σωκράτης
1773 1066 1861 1131 δὲ
1889 1062 1995 1145 εἷς,
2041 1067 2369 1154 quomodo
2409 1089 2511 1133 ex-

299 1166 594 1253 plicanda
641 1177 857 1253 putem
906 1165 1195 1253 equidem
1234 1188 1375 1232 non
1412 1168 1627 1234 video.
1697 1168 2124 1236 Alexandrum
2156 1195 2219 1257 p.
2242 1172 2391 1250 684,
2420 1171 2511 1237 3⁰

301 1294 337 1336 a
394 1272 663 1335 veritate
719 1270 1017 1337 aberrare
1074 1281 1250 1337 recte
1308 1272 1516 1337 Schw.
1576 1283 1824 1352 monet,
1895 1293 2018 1339 nec
2080 1295 2238 1339 vero
2307 1278 2510 1362 magis

300 1377 500 1462 ipsius
561 1374 896 1461 explicatio
956 1376 1207 1440 videtur
1267 1385 1413 1461 apta
1474 1397 1645 1453 esse,
1703 1398 1893 1461 quum
1948 1399 2068 1465 per
2110 1400 2253 1443 voc.
2297 1374 2389 1455 εἷς
2429 1381 2512 1444 si-

301 1477 595 1568 gnificari
649 1472 771 1559 τὴν
829 1473 1242 1563 ἆτομότητα,
1298 1473 1378 1544 τὰ
1422 1476 1592 1544 καθ’
1632 1484 1909 1546 ἕκαστον
1949 1484 2145 1559 (min
2187 1482 2513 1551 einzelnen

231 1574 239 1585 ’
300 1583 768 1670 Exemplar-n),
806 1585 1119 1649 existimat
1142 1585 1227 1665 ¹).
1293 1584 1525 1669 Neque
1564 1586 1729 1648 enim
1765 1604 1908 1648 voc.
1953 1576 2045 1661 εἷς
2083 1607 2203 1672 per
2237 1607 2309 1650 se
2347 1586 2513 1651 banc

300 1688 556 1753 videtur
597 1689 721 1751 vim
769 1687 1005 1752 habere
1049 1709 1270 1775 posse,
1315 1709 1438 1752 nec
1482 1690 1538 1752 si
1579 1687 1867 1765 haberet,
1925 1687 1991 1752 id
2037 1688 2292 1774 quidem
2334 1689 2513 1754 suffi-

304 1803 507 1869 ceret3
553 1794 850 1877 quoniam
898 1794 1065 1856 enim
1113 1791 1403 1877 exemplo
1449 1790 1768 1856 illustrare
1799 1791 2032 1881 ,studet
2069 1792 2234 1856 hanc
2269 1812 2515 1880 propo·-

302 1900 624 1962 sitionem:
670 1890 800 1962 ὅσα
835 1893 1113 1983 ἀριθμῷ
1144 1891 1437 1974 πολλά,
1471 1890 1638 1975 ὕλην
1669 1896 1812 1980 ἔχει,
1843 1898 1979 1959 iure
2018 1900 2513 1984 exspectes-sim

305 2000 602 2089 gulorum
627 2001 948 2066 bominum
976 2000 1405 2065 diversitatem
1437 2021 1514 2065 ex
1550 2002 1866 2064 materia
1903 1998 2313 2087 repetendam
2343 2021 2514 2064 com·

307 2106 658 2169 memorari.
748 2105 1098 2213 Propterea
1142 2104 1315 2193 vulg.
1362 2103 1507 2169 lect.
1557 2104 1965 2188 depravatam
2025 2124 2167 2169 esse
2221 2105 2516 2190 suspicor

308 2219 373 2274 et
415 2208 586 2273 baud
632 2211 767 2272 scio
812 2231 892 2273 an
939 2209 1066 2274 tale
1111 2209 1265 2295 quid
1309 2211 1610 2295 scriptum
1655 2207 1861 2286 fuerit,
1907 2206 2095 2294 quale
2126 2206 2514 2272 Themistius

306 2313 428 2395 (cf.
466 2335 598 2376 var.
638 2310 823 2391 lect.)
870 2315 1393 2399 interpretatione
1440 2315 1767 2400 expressit.
2493 2318 2502 2359 '1

433 2423 525 2503 g)
574 2418 841 2485 1074121
884 2418 1458 2504 παραδέδοται
1495 2452 1576 2469 ·-·-
1621 2417 1704 2480 14
1739 2409 2018 2502 μόνον.
2085 2412 2517 2499 Quemadmo-

306 2522 456 2587 dum
489 2522 596 2586 Ar.
644 2523 894 2608 saepius
941 2533 1221 2588 veterum
1268 2522 1797 2609 philosophorum
1843 2518 2207 2605 placita-ita
2252 2522 2518 2607 corrigit

311 2635 379 2690 et
419 2624 722 2703 illustrat,
779 2634 854 2689 ut
908 2647 1070 2710 quae
1126 2625 1221 2690 illi
1277 2626 1609 2690 voluerint
1653 2636 1719 2688 et
1764 2623 2036 2687 obscure
2082 2621 2519 2710 significarint,

310 2751 385 2793 ea
433 2750 572 2793 cum
618 2751 728 2793 sua
776 2727 1066 2793 doctrina
1114 2731 1453 2794 concinere
1500 2728 1894 2794 demonstret
1937 2726 2058 2807 (cf.
2099 2728 2162 2791 2.
2205 2726 2522 2792 1069029

309 2843 377 2897 et
418 2832 501 2897 ad
539 2832 611 2896 A
649 2834 710 2898 8.
750 2834 919 2898 989a
949 2833 1096 2914 30),
1141 2832 1426 2910 similiter
1468 2833 1531 2898 h.
1573 2832 1633 2912 l.,
1675 2841 1849 2897 ratus
1894 2829 2003 2896 ille
2047 2832 2340 2897 nimirum
2384 2828 2522 2895 vul·

310 2939 475 3025 gatis
532 2936 857 3001 hominum
916 2937 1326 3023 opinionibus
1385 2940 1602 3024 utique
1658 2935 1928 3021 aliquam
1981 2938 2193 2999 inesse
2238 2937 2521 3000 veritatis

309 3051 551 3126 partem
601 3041 721 3117 (cf.
763 3039 843 3104 ad
874 3041 946 3105 A
974 3043 1038 3106 2.
1069 3041 1237 3106 9820
1262 3044 1363 3121 6),
1410 3040 1708 3129 vulgares
1754 3039 1836 3104 de
1882 3037 2001 3102 diis
2047 3041 2390 3124 opiniones
2433 3041 2524 3102 ita

310 3148 563 3222 excutit,
608 3153 682 3208 ut
725 3143 879 3228 quid
924 3147 1001 3208 iis
1045 3148 1197 3209 insit
1239 3147 1392 3224 veri,
1438 3143 1589 3230 quid
1635 3143 1777 3207 falsi
1823 3142 2133 3206 adnexum
2178 3146 2259 3206 sit
2305 3141 2524 3206 distin·-

311 3258 481 3336 guat‚
530 3257 596 3312 et
636 3250 905 3332 pristina
948 3246 1055 3311 illa
1094 3270 1169 3311 ac
1203 3252 1480 3335 genuina
1524 3248 2098 3333 antiquissimorum
2133 3243 2523 3331 populorum

313 3351 627 3438 religione
673 3372 847 3415 suam
888 3355 1264 3415 sententiam
1304 3351 1663 3416 confirmari
1704 3350 1951 3414 doceat.
2027 3349 2176 3434 Ipse
2215 3350 2382 3412 enim
2414 3350 2521 3412 Ar.

314 3453 759 3518 ratiocinando
806 3457 1051 3518 invenit
1094 3455 1447 3519 motoribus
1477 3454 1755 3519 siderum
1786 3452 2213 3517 immobilibus
2246 3450 2526 3517 divinam

315 3577 457 3623 esse
515 3567 799 3622 naturam
860 3557 1332 3645 assignandam3
1391 3556 1678 3622 similiter
1729 3558 2134 3622 vetustissimi
2181 3558 2415 3641 quique
2459 3565 2526 3621 et

316 3661 567 3727 barbari
613 3671 678 3726 et
718 3661 949 3727 Graeci
993 3665 1146 3748 ipsis
1192 3662 1506 3727 sideribus
1549 3661 1831 3726 divinum
1875 3681 2112 3724 numen
2156 3660 2374 3723 inesse*
2416 3678 2525 3724 eo-

192 3784 199 3791 ’
315 3789 438 3853 que
484 3768 742 3832 numine
786 3770 1151 3831 universum
1195 3765 1496 3830 mundum
1545 3765 1861 3830 contineri
1888 3781 2022 3827 uno
2056 3779 2374 3827 consensu
2404 3772 2527 3827 sta·-

318 3880 591 3950 tuerunt,
635 3870 713 3935 cf.
749 3869 829 3934 de
861 3869 1048 3935 coelo
1079 3871 1111 3934 Ι
1143 3872 1204 3935 3.
1243 3870 1408 3934 27οῠ
1433 3871 1504 3934 5:
1544 3866 1784 3943 πάντες
1818 3860 1948 3951 γὰρ
1984 3860 2340 3953 ἄνθρωποι
2374 3867 2526 3956 περὶ

427 4059 492 4128 1)
528 4063 699 4115 Schw.
739 4066 801 4116 ad
837 4066 887 4116 h.
911 4066 972 4116 1.:
1011 4062 1128 4116 Der
1158 4062 1296 4116 Simu
1332 4062 1434 4115 ist.-
1469 4061 1562 4115 der
1585 4057 1819 4133 Regu-{ff
1842 4062 1929 4114 den
1958 4057 2239 4113 Mense-laen
2275 4060 2351 4112 int
2384 4060 2531 4112 einer

317 4150 430 4201 und
460 4150 700 4217 dertelbe,
741 4150 993 4204 Sol-rates
1029 4151 1153 4204 aber
1188 4150 1261 4202 ist
1296 4148 1468 4202 Eiuer
1504 4156 1661 4202 water
1704 4147 1886 4200 Vielen
1920 4148 2085 4200 aeinen
2124 4145 2402 4212 Glet'cloen,
2439 4144 2528 4197 ein

318 4235 575 4286 einzelnen
611 4235 924 4305 Exemplar.
1006 4237 1170 4290 Wae'ire
1213 4254 1270 4288 er
1315 4251 1437 4287 nur
1473 4229 1708 4310 Begrffl‘
1733 4229 1860 4299 (ein
1897 4230 2144 4287 καθόλου
2182 4226 2529 4304 ἅνθρωπος),

321 4337 378 4373 no
416 4323 604 4373 lcb'nnte
638 4338 696 4373 er
731 4320 869 4393 diesn
906 4322 1053 4376 nieht
1088 4323 1219 4375 sein.
1289 4315 1375 4374 Er
1408 4320 1505 4374 kat
1540 4321 1656 4374 alno
1698 4317 1931 4374 Mater-ie
1973 4319 2083 4372 und
2117 4320 2191 4371 int
2224 4318 2337 4369 eim
2373 4319 2531 4368 anter

327 4406 508 4459 Πειρη
543 4411 786 4478 vermitge
821 4408 989 4461 :einer
1031 4408 1274 4462 materie.

407 4492 610 4546 Aristot.
636 4494 855 4562 metaph.
881 4495 960 4545 ed.
986 4494 1168 4578 Ronitz
1190 4494 1305 4546 Vol.
1329 4495 1393 4547 Π.
2059 4491 2125 4542 33
