3043 4973
1151 237 1227 307 A
1274 233 1344 307 6.
1419 232 1615 309 9875
1631 289 1648 306 .
2403 236 2499 312 93

278 427 431 472 nem
492 407 582 473 ibi
641 405 970 488 habemuS,
1038 408 1152 474 ubi
1218 429 1457 475 nomen
1514 407 1712 476 οὐσία
1770 414 2174 478 coniunctum
2229 411 2501 502 legimus

282 534 427 575 eum
460 514 723 576 nomine
760 509 931 589 εἶδος
964 512 1062 594 (Δ
1094 514 1157 577 4.
1192 516 1402 579 1⁰15«
1428 516 1536 579 10.
1586 516 1688 580 18.
1725 517 1932 581 1022α
1961 518 2059 582 15.
2108 517 2172 579 Ζ
2195 518 2258 582 8.
2292 520 2502 584 10331»

290 616 393 680 17.
435 614 561 696 al.)
612 614 720 679 vel
765 637 905 680 cum
950 616 1239 682 formulis
1284 610 1362 682 τὸ
1406 619 1473 682 τί
1516 606 1603 697 ἦν
1647 613 1830 698 εἶναι,
1872 611 1951 685 τὸ
1995 621 2061 684 τί
2101 624 2241 686 ἐστι
2282 622 2396 702 (Α
2436 625 2497 690 3.

286 719 592 785 983427.
652 721 711 785 7.
749 720 1047 786 988α35.
1109 722 1213 786 10.
1256 722 1424 787 993«
1453 721 1555 786 18.
1597 721 1676 787 al.
1725 757 1806 773 -
1853 725 1915 788 8.
1959 723 2121 788 9881)
2144 725 2252 790 28.
2310 725 2365 790 Δ
2396 727 2498 792 13.

290 822 505 887 102οα
535 823 637 887 18.
680 823 751 887 Ε
780 825 833 887 l.
870 825 1073 889 1025b
1101 826 1201 889 14.
1234 822 1315 888 al.
1330 827 1376 905 ).
1408 861 1490 874 —
1538 825 1765 891 Posuit
1805 837 2028 905 autem,
2073 830 2164 893 ait
2193 829 2501 894 Aristote-

289 913 401 1003 les,
448 924 584 991 duo
625 924 735 992 illa
781 929 1089 1014 principia
1125 926 1408 993 idearum
1440 927 1648 1009 Plato,
1693 941 1864 995 ratus
1910 927 1980 1009 ἐξ
2023 933 2281 998 ἐκείνων
2327 935 2409 1014 (i.
2443 953 2497 996 e.

286 1031 408 1095 τοῦ
439 1024 735 1113 μεγάλου
765 1032 876 1096 καὶ
910 1033 1029 1096 τοῦ
1060 1033 1337 1120 μικροῦ)
1378 1023 1551 1096 κατὰ
1590 1029 1868 1117 μέθεξιν
1905 1036 2024 1099 τοῦ
2061 1029 2209 1112 ἑνὸς
2242 1028 2325 1099 τὰ
2361 1033 2499 1114 εἴδη

287 1129 457 1198 εἶναι
493 1126 648 1210 τοὺς
680 1128 1019 1218 ἀριθμούς
1049 1134 1198 1200 ⁵21.
1274 1136 1569 1201 Extrema
1603 1136 1799 1202 verba
1835 1131 1986 1214 τοὺς
2021 1132 2358 1224 ἀριθμούς
2394 1159 2501 1202 ve-

284 1238 532 1301 rissime
565 1235 930 1303 Alexander
974 1237 1229 1303 videtur
1268 1240 1690 1326 interpretari,
1736 1240 1910 1329 quod
1957 1264 2031 1307 ea
2077 1262 2198 1328 pro
2244 1244 2501 1328 apposi-

287 1343 471 1405 tione
515 1350 701 1427 putat
743 1340 957 1407 addita
1004 1362 1147 1406 esse
1193 1340 1273 1407 ad
1310 1342 1677 1409 definienda
1713 1338 1800 1409 τὰ
1833 1342 1989 1425 εἴδη.
2066 1345 2300 1410 Scribit
2333 1348 2500 1410 enim

287 1468 350 1530 p.
383 1445 490 1522 40,
520 1445 593 1508 2:
636 1439 833 1511 εἰπών
876 1446 947 1512 δὲ
988 1439 1075 1509 τὰ
1114 1446 1252 1525 εἴδη
1286 1447 1669 1533 προσέθηκε
1716 1440 1913 1524 «τοὺς
1947 1443 2358 1534 ἀριθμούς·»
2413 1443 2500 1514 τοὶ

285 1541 416 1633 γὰρ
477 1543 565 1623 ὡς
619 1544 910 1634 ἀριθμοὶ
966 1546 1104 1629 εἴδη
1160 1552 1231 1614 αἱ
1288 1550 1486 1627 ἰδέαι,
1542 1551 1682 1616 ἐπεὶ
1737 1548 1877 1630 εἴδη
1932 1552 2045 1617 καὶ
2088 1545 2262 1616 ἄλλα
2304 1552 2500 1629 ἐστίν,

285 1645 508 1736 ὥσπερ
555 1640 674 1716 οὖν
709 1652 821 1717 καὶ
855 1648 1164 1737 ἀριθμοί.
1234 1651 1789 1737 Quemadmodum
1823 1653 2201 1721 Aristoteles
2230 1650 2317 1718 τὰ
2348 1652 2500 1733 εἴδη,

286 1753 397 1820 ubi
441 1754 572 1818 hoc
615 1752 998 1821 vocabulum
1045 1776 1177 1820 non
1222 1754 1560 1822 Platonico
1607 1755 1721 1821 sed
1765 1757 2016 1847 vulgari
2061 1779 2252 1823 sensu
2297 1760 2499 1845 accipi

282 1855 439 1933 vult,
486 1878 681 1944 saepe
726 1855 952 1923 definit
996 1856 1218 1924 addito
1264 1862 1453 1942 γένος
1495 1863 1785 1939 nomine,
1828 1855 1914 1925 τὰ
1959 1857 2047 1937 ὡς
2088 1863 2315 1945 γένους
2360 1860 2498 1941 εἴδη

284 1963 350 2026 Ζ
374 1964 478 2027 12.
516 1962 722 2027 103841
747 1963 809 2027 5.
856 1963 918 2027 4.
953 1963 1161 2028 103001
1189 1965 1292 2028 12.
1341 1964 1388 2028 Ι
1414 1966 1472 2029 7.
1509 1966 1710 2030 10576
1737 1968 1794 2031 7.
1840 1965 1904 2029 8.
1938 1966 2146 2030 10584
2171 1966 2278 2030 22.
2328 1967 2496 2030 M5.

287 2067 493 2131 1079ὀ
526 2066 633 2130 34.
680 2064 760 2130 cf.
807 2069 880 2130 A
916 2069 979 2134 9.
1021 2069 1191 2138 991α
1221 2067 1328 2144 30,
1371 2069 1463 2131 ita
1505 2069 1718 2132 mirari
1757 2087 1894 2133 non
1938 2089 2276 2155 possumus
2322 2067 2500 2154 quod

285 2166 423 2248 εἴδη
452 2167 795 2235 Platonico
825 2191 1016 2235 sensu
1055 2167 1282 2235 definit
1305 2191 1426 2257 per
1452 2171 1922 2256 appositionem
1962 2164 2114 2248 τοὺς
2143 2168 2496 2258 ἀριθμούς,

283 2273 343 2338 h.
377 2294 434 2337 e.
484 2294 593 2338 eas
637 2275 903 2359 specieS,
952 2294 1106 2360 quas
1138 2273 1323 2338 Plato
1367 2271 1476 2337 vel
1512 2277 1907 2360 comparavit
1941 2278 2216 2341 numeris
2256 2275 2362 2340 vel
2401 2297 2497 2341 re-

283 2375 463 2441 duxit
519 2375 604 2441 ad
659 2397 977 2443 numeros.
1073 2378 1452 2442 Potuisse
1508 2377 1660 2443 addi
1716 2382 2012 2445 τουτέστι
2067 2378 2172 2444 vel
2229 2378 2495 2444 similem

283 2479 603 2567 quandam
660 2482 952 2568 usurpari
1008 2478 1372 2560 formulam,
1427 2480 1631 2548 veluti
1686 2477 1771 2549 w}
1822 2479 1910 2560 ὥς
1957 2475 2295 2571 ἀριθμοὺς
2338 2480 2496 2563 εἴδη,

283 2583 459 2671 quod
507 2584 840 2651 contendit
883 2585 1097 2652 Zeller
1140 2585 1303 2650 Plat.
1348 2585 1440 2651 St.
1485 2609 1550 2672 p.
1581 2586 1713 2653 235
1758 2607 1849 2673 sq.
1895 2597 2062 2664 not„
2116 2607 2251 2652 non
2302 2607 2498 2674 nega-

282 2692 516 2768 verim,
571 2691 1045 2755 necessario
1103 2688 1299 2755 fuisse
1344 2687 1708 2756 addendum
1752 2710 1886 2755 non
1930 2711 2191 2776 possum
2239 2691 2298 2755 ei
2344 2711 2496 2755 con-

282 2790 536 2857 cedere.
625 2793 711 2857 Et
755 2796 809 2857 is
854 2791 1138 2880 quidem,
1195 2814 1280 2859 ne
1332 2791 1644 2859 incideret
1686 2795 1754 2860 in
1797 2793 1968 2859 illam
2014 2791 2360 2858 Alexandri
2402 2796 2497 2858 in-

283 2898 838 2982 terpretationem,
882 2896 1079 2961 verba
1125 2895 1488 2962 Aristotelis
1532 2899 1626 2962 sic
1666 2900 1883 2979 vertit:
1927 2898 2098 2962 devm
2141 2920 2264 2962 oua
2286 2899 2495 2981 jener·

282 2999 474 3086 (dem
510 2999 801 3087 Grofien
837 3001 976 3066 und
1001 2998 1334 3088 Kleinen)
1376 3000 1638 3065 werden
1679 3004 1814 3068 die
1857 3002 2105 3067 Ideen
2149 3024 2246 3067 zu
2286 3001 2494 3067 zala-

282 3104 413 3169 len
457 3103 665 3168 durch
709 3105 818 3169 die
855 3103 1280 3169 Theilnulnue
1323 3103 1486 3190 (dea
1535 3104 1824 3193 Grossen
1867 3106 2007 3170 aad
2030 3104 2360 3194 Kleinen)
2404 3129 2492 3170 un

282 3208 428 3273 dem
473 3208 667 3272 Eine.
755 3209 843 3273 At
903 3230 977 3273 ea
1022 3211 1461 3295 interpretatio
1505 3228 1629 3273 nec
1671 3231 1790 3295 per
1832 3208 2010 3298 leges
2055 3211 2494 3296 grammaticae

282 3320 505 3397 potest
548 3309 809 3389 admitti,
855 3333 977 3377 nec
1019 3315 1470 3378 sententiarum
1514 3315 1707 3378 nexui
1748 3323 1895 3400 apta
1941 3323 2055 3378 est.
2137 3314 2284 3377 Hoc
2327 3313 2492 3376 enim

282 3418 335 3480 zi
372 3412 693 3480 voluisset
730 3414 940 3481 dicere
971 3415 1367 3494 AristoteleS,
1413 3415 1798 3481 omittendus
1844 3425 1980 3481 erat
2019 3419 2085 3482 in
2120 3415 2491 3504 praedicato

282 3517 586 3585 articulus
633 3514 814 3597 τούς,
871 3519 984 3585 sed
1029 3540 1165 3585 non
1209 3518 1414 3587 voluit
1458 3518 1703 3595 dicere;
1747 3542 2020 3606 namque
2064 3542 2140 3586 ex
2183 3518 2492 3608 particula

283 3622 522 3689 causali
566 3617 697 3711 γάρ
742 3626 1152 3711 cognoscitur
1184 3625 1533 3710 superioris
1565 3626 1884 3688 cnunciati
1915 3627 2224 3690 rationem
2256 3622 2489 3687 afferri.

280 3727 502 3814 ltaque
547 3748 686 3792 non
730 3728 942 3811 potuit
988 3726 1333 3813 explicare,
1392 3727 1500 3812 qui
1556 3725 1745 3791 fieret
1799 3738 1868 3791 nt
1922 3726 2107 3792 ideae
2155 3729 2222 3791 in
2279 3748 2494 3792 nume-

282 3851 496 3895 rorum
542 3841 829 3895 naturam
876 3830 1147 3911 abirent,
1195 3830 1309 3897 sed
1356 3828 1881 3916 quemadmodum
1927 3830 2067 3910 illa,
2119 3852 2282 3917 quae
2327 3841 2495 3896 retu-

280 3932 370 4015 lit,
415 3943 635 4000 essent
677 3932 963 3999 idearum
1006 3937 1142 4000 sive
1181 3953 1590 4001 numerorum
1630 3932 1929 4000 idealium
1962 3934 2310 4021 eademque
2347 3955 2495 4021 pro-

281 4049 497 4123 pterea
554 4059 768 4103 rerum
826 4040 1105 4104 omnium
1164 4040 1494 4125 principia.
1583 4039 1761 4103 Haec
1811 4042 2108 4125 quoniam
2153 4038 2492 4104 manifesto

283 4151 380 4206 est
433 4140 925 4231 argumentandi
982 4145 1179 4222 ratio,
1245 4162 1367 4207 nec
1421 4141 1837 4232 Schweglero
1902 4165 2161 4230 possum
2218 4142 2494 4229 adstipu-

277 4243 411 4325 lari,
454 4250 564 4334 qui
607 4255 867 4333 recepta
896 4244 1132 4315 Zelleri
1168 4247 1697 4334 interpretatione
1734 4247 2061 4315 articulum
2100 4243 2253 4325 τούς
2287 4247 2492 4313 omitti

274 4350 469 4420 iubet.
