3043 4973
1134 262 1237 334 M
1279 259 1347 333 6.
1432 256 1621 335 1080
1633 284 1700 333 a.
2372 254 2509 334 541

314 435 715 523 sophandum
762 456 896 503 non
941 440 1294 524 aptissimis,
1340 440 1406 502 in
1452 441 1585 525 ipsa
1634 438 1960 504 doctrinae
2000 439 2385 504 obscuritate
2423 461 2516 504 ar-

313 563 536 606 canum
584 544 805 606 nescio
851 541 1002 629 quid
1048 564 1124 607 ac
1169 540 1446 607 divinum
1494 544 1979 632 augurabantur.
2050 542 2215 609 Cum
2247 542 2516 609 Platone

315 655 524 711 autem
570 649 635 709 in
682 644 1046 711 definienda
1093 646 1316 712 horum
1363 668 1765 712 numerorum
1813 659 2034 712 natura
2080 668 2215 713 uon
2252 668 2515 733 prorsus

313 748 827 815 consentiebant:
892 749 1078 815 Plato
1139 770 1435 814 numeros
1495 749 1735 816 ideales
1794 756 1929 816 sive
1984 752 2516 818 inconsociabiles

313 854 680 918 distinxerat
726 874 760 915 a
808 855 1255 918 mathematicis
1302 857 1609 930 numeris;
1667 855 1747 918 ab
1805 856 1922 918 hac
1979 859 2228 921 ratione
2276 856 2515 922 Acade-

310 961 453 1022 mici
496 968 746 1022 veteres
804 960 870 1020 in
927 969 1254 1045 utramque
1311 968 1553 1043 partem
1600 958 2055 1037 discesserunt,
2111 960 2364 1026 sublato
2408 960 2516 1026 vel

309 1060 502 1126 ideali
546 1061 651 1125 vel
697 1061 1139 1128 mathematico
1185 1084 1452 1127 numero
1500 1061 1604 1126 vel
1643 1065 1970 1148 utriusque
2009 1067 2264 1151 generis
2302 1063 2514 1129 discri-

309 1168 494 1243 mine,
541 1165 618 1229 cf.
660 1164 741 1229 ad
784 1168 987 1232 10800
1023 1170 1125 1233 14.
1166 1168 1270 1232 21.
1361 1167 1616 1232 Semina
1666 1188 1820 1231 sane
1864 1166 2089 1231 horum
2134 1167 2512 1253 placitorum

310 1273 588 1335 omnium
625 1273 688 1333 in
726 1273 863 1355 ipsa
904 1274 1313 1337 continentur
1343 1271 1629 1336 Platonis
1665 1269 1985 1346 doctrina;
2031 1273 2167 1335 eius
2203 1276 2368 1337 enim
2399 1295 2513 1339 nu-

307 1377 464 1438 meri
509 1372 750 1438 ideales
795 1378 882 1439 ita
928 1379 992 1439 in
1035 1375 1247 1441 medio
1294 1388 1441 1440 sunt
1486 1378 1680 1461 positi
1728 1377 1895 1438 inter
1940 1373 2364 1458 qualitativam
2424 1377 2513 1442 di-

307 1481 609 1566 gnitatem
655 1478 938 1544 idearum
985 1491 1050 1544 et
1093 1483 1567 1567 quantitativam
1604 1478 2185 1543 mathematicorum
2219 1500 2513 1546 numero-

307 1605 458 1659 rum,
506 1593 575 1647 ut
619 1586 840 1647 mirum
886 1605 1020 1649 non
1066 1587 1148 1649 sit
1196 1606 1324 1662 eos,
1371 1586 1478 1669 qui
1521 1585 1587 1646 in
1635 1585 1710 1646 iis
1759 1582 2058 1648 eruendis
2090 1604 2350 1670 operam
2383 1584 2513 1651 col-

308 1687 628 1765 locarent,
687 1686 1021 1753 deflexisse
1064 1711 1100 1753 a
1143 1687 1349 1755 media
1394 1686 1503 1751 illa
1549 1696 1804 1765 natura,
1864 1709 2028 1773 quae
2079 1709 2201 1751 nec
2245 1692 2513 1777 cogitari

307 1813 429 1855 nec
486 1791 939 1877 comprehendi
999 1792 1132 1858 ullo
1192 1791 1388 1857 modo
1447 1800 1692 1879 potest,
1755 1800 1819 1856 et
1876 1790 1956 1855 ad
2002 1790 2262 1858 alteram
2308 1805 2510 1858 utram

305 1904 547 1981 partem
594 1917 664 1963 se
711 1899 1122 1961 convertisse.

437 2001 620 2063 Hanc
662 2003 856 2086 igitur
900 2000 981 2065 de
1026 2002 1301 2065 numeris
1348 1999 1716 2079 doctrinam,
1762 2000 2007 2086 qualem
2043 2001 2513 2089 significaverat

306 2102 509 2181 Plato,
558 2102 1025 2189 descripserant
1068 2096 1362 2171 subtilius
1410 2109 1546 2170 eius
1594 2103 1904 2189 discipuli,
1949 2109 2214 2191 propius
2262 2106 2340 2197 ad
2388 2110 2509 2193 Py-

304 2207 651 2295 thagoreos
687 2208 1081 2288 accedentes,
1127 2218 1196 2273 ut
1233 2208 1427 2294 plene
1464 2208 1758 2274 videatur
1794 2211 2095 2273 evertisse
2126 2208 2509 2277 Aristoteles

303 2313 568 2397 primum
617 2315 902 2398 exponit,
952 2325 1110 2400 quot
1152 2317 1479 2400 possint
1528 2315 1789 2378 omnino
1838 2316 2183 2401 excogitari
2226 2320 2508 2380 rationes

301 2419 471 2480 inter
500 2437 572 2481 se
604 2415 892 2481 diversae
929 2422 981 2482 si
1020 2421 1158 2505 quis
1197 2439 1495 2483 numeros
1532 2438 1653 2505 pro
1690 2417 2057 2482 substantiis
2090 2427 2154 2482 et
2185 2421 2509 2506 principiis

301 2525 617 2606 posuerit,
665 2522 875 2587 108οα
909 2525 1218 2600 15-65,
1270 2520 1503 2586 deinde
1549 2544 1711 2609 quae
1757 2522 2113 2607 quibusque
2157 2522 2511 2608 placuerint

300 2623 704 2711 philosophis
752 2638 1020 2706 enarrat,
1075 2628 1278 2692 108οῠ
1308 2628 1577 2704 6-36,
1625 2635 1815 2712 atque
1858 2629 1949 2690 ita
1994 2622 2241 2691 demum
2288 2629 2390 2694 via
2435 2645 2510 2690 ae

300 2732 552 2793 ratione
596 2730 1080 2816 argumentandi
1124 2734 1274 2796 satis
1320 2732 1559 2795 munita
1607 2729 1856 2819 singula
1894 2730 2194 2817 deinceps
2230 2731 2508 2796 refutare

299 2836 588 2911 instituit,
637 2856 688 2897 c.
724 2839 758 2900 7
802 2858 934 2922 sqq.

431 2941 513 3018 a)
563 2939 773 3005 lossoa
816 2943 1120 3006 15-b5s
1209 2941 1454 3007 Omnes
1505 2950 1579 3005 ut
1622 2944 1903 3006 inveniat
1947 2942 2132 3006 huius
2179 2943 2505 3007 doctrinae

298 3045 653 3123 varietates,
701 3057 1021 3132 quotquot
1063 3044 1169 3110 vel
1218 3046 1442 3133 effingi
1489 3056 1778 3131 possunt,
1824 3046 2079 3134 duplice
2127 3050 2323 3112 utitur
2366 3065 2505 3132 par-

299 3149 558 3227 titione,
600 3151 968 3228 ulfi-37,
1011 3143 1367 3227 α37-ῠ3,
1413 3171 1570 3235 quas
1619 3145 1857 3215 dei‘nde
1899 3155 2065 3215 inter
2096 3167 2195 3215 ‘se
2245 3153 2506 3213 coniun-

297 3253 407 3338 git,
446 3254 547 3316 ⁶4.
642 3252 710 3316 Si
758 3257 911 3337 quia,
959 3257 1059 3331 ait,
1107 3274 1433 3318 numerum
1480 3257 1700 3318 statuit
1740 3273 1885 3318 esse
1930 3254 2340 3319 substantiam
2390 3273 2506 3339 per

298 3377 369 3419 se
417 3358 816 3424 exsistentem
864 3347 988 3436 (οὗ
1016 3355 1059 3437 ἡ
1097 3353 1292 3422 οὐσία
1325 3395 1413 3406 -—
1447 3355 1627 3421 τοῦτ’
1661 3353 1825 3422 αὐτό
1866 3360 2019 3436 016,
2063 3362 2104 3421 i.
2140 3379 2195 3421 e.
2240 3350 2317 3421 τὸ
2360 3353 2505 3441 ἀρε*

296 3461 460 3542 θμῷ
505 3456 726 3541 εἶναι),
774 3454 1227 3547 oportet-ditor
1273 3454 1446 3524 εἶναι
1489 3455 1566 3525 τὸ
1610 3462 1730 3543 μὲν
1774 3449 2036 3547 πρῶτόν
2079 3483 2143 3525 τι
2180 3457 2387 3525 αὐτοῦ
2425 3453 2503 3525 vd

296 3561 357 3627 δ’
396 3560 990 3651 ὲχόμενθν,·ἕτερον
1035 3557 1116 3629 ὃν
1157 3565 1249 3647 τῷ
1294 3561 1447 3628 εἴδει
1490 3569 1768 3630 ἕκαστον
1807 3567 1961 3631 «217.
2053 3567 2363 3631 Extremis
2407 3564 2503 3627 his

294 3666 509 3733 verbis
542 3669 878 3734 manifesto
913 3671 1017 3733 Ar,
1064 3668 1382 3755 significat
1427 3667 1744 3753 qualitatis
1792 3669 2218 3736 diversitatem
2266 3687 2406 3734 esse
2432 3672 2503 3736 in

293 3770 393 3836 his
438 3776 745 3848 numeri83
803 3773 884 3838 ad
915 3772 1194 3836 -eandcm
1242 3770 1722 3859 significandam
1767 3778 2066 3859 proximis
2112 3776 2320 3840 statim
2368 3791 2502 3836 ver-

290 3875 391 3940 bis
435 3881 576 3964 ipso
623 3881 818 3943 utitur
864 3876 1199 3941 Platonico
1244 3875 1569 3942 vocabulo
1618 3873 2039 3961 ἀσύμβλητος
2079 3882 2234 3944 α19.
2305 3879 2535 3942 Nimi-·

290 4003 428 4044 rum
474 4004 662 4067 quum
709 3984 988 4046 numeris
1034 3980 1365 4044 abstractis
1407 3979 1587 4059 illud,
1633 3990 1704 4045 ut
1746 3984 1872 4047 sint
1917 3984 2304 4067 συμβλητοί,
2348 3981 2500 4047 inde

294 4084 555 4163 accidat,
603 4087 775 4170 quod
822 4086 1062 4151 nullum
1108 4088 1175 4148 in
1218 4087 1297 4148 iis
1329 4095 1426 4148 est
1456 4083 1771 4170 qualitatis
1803 4087 2140 4153 discrimen
2169 4087 2282 4153 sed
2314 4091 2499 4153 unice

294 4191 611 4272 quantitas
658 4190 924 4269 diversa,
969 4189 1052 4254 ad
1098 4188 1266 4254 idem
1310 4211 1573 4275 prorsus
1618 4189 1786 4255 redit
1821 4197 2029 4257 utrum
2070 4213 2369 4259 numeros
2409 4191 2499 4255 di-

290 4294 457 4357 xeris
515 4288 975 4376 ἀσυμβλήτους
1031 4316 1171 4360 esse
1230 4315 1312 4359 an
1373 4293 1675 4380 qualitate
1731 4297 1897 4360 inter
1940 4318 2010 4360 se
2055 4295 2334 4362 differre.
2408 4295 2497 4359 ‘In

293 4394 560 4462 eandem
605 4405 811 4464 autem
857 4402 1234 4467 sententiam
1280 4397 1651 4485 accipienda
1697 4410 1845 4465 sunt
1891 4421 1965 4464 ea
2009 4400 2221 4480 verba,
2268 4397 2496 4485 quibus
