3043 4973
470 254 669 330 1246
834 241 849 255 ⁵
1322 253 1393 324 Δ
1449 250 1560 324 10.
1645 249 1912 324 1018a.

522 439 588 496 et
630 424 760 495 ὅσα
804 428 929 511 ἔχει
972 431 1041 492 ἐν
1086 429 1162 517 τῇ
1208 423 1402 510 οὐσίᾳ
1444 420 1568 505 τὴν
1609 420 1978 509 ἑτερότητα,
2021 423 2134 490 illa
2179 425 2343 490 enim
2388 420 2726 488 referenda

522 546 707 600 erunt
774 530 853 594 ad
922 532 1223 596 unitatem
1283 529 1653 617 analogiae,
1718 527 1878 592 haec
1944 527 2025 593 ad
2083 530 2385 592 unitatem
2442 528 2724 614 generi83

522 636 722 702 multo
783 634 1058 719 denique
1115 638 1319 699 minus
1376 631 1671 700 addenda
1726 642 1907 696 erant
1948 624 2036 696 τοὶ
2078 632 2374 706 ἐναντία,
2436 651 2511 695 ea
2559 632 2728 694 enim

523 743 800 826 speciem
847 737 1133 803 efficiunt
1175 738 1296 803 τοῦ
1339 732 1697 823 διαφόρου,
1753 744 1825 799 ut
1870 734 2222 800 luculenter
2268 733 2539 820 explicat
2581 734 2631 797 I
2668 735 2727 809 4,

523 861 731 927 neque
781 862 916 905 eam
963 840 1217 925 quidem
1263 838 1702 905 coordinatam
1752 838 2036 924 reliquis,
2096 860 2254 924 quas
2300 836 2534 915 attulit,
2587 853 2729 921 spe-

527 946 744 1012 ciebus
789 939 1301 1032 τοῦ·διαφόρον.
2371 965 2376 970 ·

434 1036 449 1047 ’
658 1050 732 1114 In
793 1046 1212 1112 describenda
1265 1050 1533 1114 notione
1578 1050 1697 1112 τοῦ
1742 1044 1979 1130 ὁμοίου
2025 1046 2234 1112 1018a
2275 1046 2562 1112 15--19‘
2603 1042 2728 1121 (de

527 1169 649 1237 qua
698 1152 775 1216 cf.
826 1153 995 1236 Top.
1041 1152 1069 1214 1
1116 1153 1240 1230 17)
1300 1163 1573 1236 quatuor
1630 1149 1882 1235 quidem
1945 1159 2269 1214 enumerat
2318 1146 2729 1235 significatio-

526 1277 656 1332 υεε,
702 1254 817 1319 sed
867 1276 973 1319 eas
1018 1257 1070 1318 si
1118 1256 1258 1339 quis
1301 1252 1524 1340 paullo
1572 1251 1939 1339 diligentins
1985 1255 2346 1328 excusserit,
2389 1271 2620 1315 vereor
2659 1260 2731 1314 ut

527 1356 868 1443 quidquam
913 1359 1067 1422 certi
1110 1356 1485 1424 discriminis
1526 1358 1606 1420 sit
1642 1360 2033 1422 inventurus·
2100 1357 2263 1422 Nam
2291 1354 2469 1440 quod
2501 1354 2582 1423 ab
2616 1355 2733 1417 ini-

526 1464 618 1526 tio
663 1460 890 1528 similia
938 1483 1009 1524 ea
1059 1460 1210 1526 dicit
1253 1462 1569 1526 nominari
1599 1482 1759 1545 quae
1791 1459 2169 1524 affectiones
2201 1480 2424 1524 omnes
2462 1477 2732 1522 commu-

525 1587 641 1630 nes
671 1565 965 1642 habeant,
1000 1565 1168 1629 idem
1202 1569 1564 1630 continetur
1592 1567 1773 1628 tertia
1806 1562 2296 1651 significatione,
2337 1560 2562 1625 similia
2595 1581 2734 1626 esse

530 1691 604 1766 ea
650 1690 918 1755 qnorum
968 1668 1189 1733 eadem
1234 1672 1319 1733 sit
1363 1669 1651 1755 qualitas,
1694 1668 2001 1753 siquidem
2039 1666 2120 1731 ad
2151 1665 2517 1751 qualitatem
2549 1667 2735 1732 etiam

528 1773 891 1840 referuntur
919 1773 1295 1851 παθητικαὶ
1331 1769 1675 1852 ποιότητες
1704 1775 1817 1838 καὶ
1850 1766 2069 1849 πάθη,
2107 1768 2249 1835 Cat.
2282 1772 2342 1834 8.
2375 1772 2455 1834 9a
2478 1770 2585 1834 28.
2655 1769 2738 1832 Et

531 1876 705 1963 quod
747 1888 1026 1942 extremo
1060 1875 1211 1940 loco
1251 1874 1430 1940 dicit:
1474 1878 1588 1941 καὶ
1630 1872 1797 1939 καθ’
1841 1870 1969 1940 ὅσα
2013 1863 2460 1939 ἀλλοιοῦσθαι
2494 1872 2740 1954 &wasze-

530 2004 640 2045 ται
684 1983 812 2046 τῶν
859 1980 1172 2045 ἐναντίων
1216 2016 1303 2029 —-
1346 1978 1556 2061 τούτῳ
1602 1980 1703 2041 vix
1751 1976 2103 2063 distinguas
2152 1999 2185 2041 a
2232 1978 2448 2062 primis
2494 1974 2739 2042 duabus

529 2082 1124 2170 significationibuS‚
1170 2086 1222 2146 si
1262 2083 1623 2148 adhibueris
1670 2079 2110 2145 definitionem
2156 2082 2278 2145 τοῦ
2318 2074 2592 2154 πάθους
2632 2080 2739 2143 21.

533 2188 737 2251 102·Ζὸ
778 2188 894 2251 15:
941 2181 1175 2260 πάθος
1223 2188 1476 2271 λέγεται
1521 2191 1637 2249 ἕνα
1681 2186 1801 2266 μὲν
1843 2182 2091 2270 τρόπον
2134 2178 2409 2262 ποιότης
2451 2179 2618 2246 καθ’
2656 2176 2743 2262 ἢν

532 2286 983 2354 ἀλλοιοῦσθαι
1027 2290 1366 2376 ἐνδέχεται.
1438 2288 1535 2353 Ab
1584 2287 1892 2353 eiusmodi
1941 2287 2291 2354 definiendi
2333 2290 2504 2352 vitiis
2540 2286 2743 2352 libera

531 2404 629 2457 est
673 2392 1021 2479 disputatio
1070 2392 1215 2472 libri
1263 2394 1312 2456 I
1349 2395 1409 2458 3.

1450 2654 1679 2727 CAP.
1746 2655 1838 2728 X.

664 2816 1255 2899 oppositionis
1300 2822 1638 2898 postquam
1682 2822 1958 2896 quatuor
2001 2811 2111 2875 illa
2148 2814 2475 2876 notissima
2508 2830 2748 2897 genera

534 2919 940 2993 enumeravit,
988 2913 1575 2992 contradictionem,
1624 2917 2149 2992 contrarietatem,
2187 2913 2576 2991 relationem,
2621 2915 2749 2998 pri*
2805 2966 2820 2979 .

533 3021 858 3083 vationem
906 3029 975 3083 et
1016 3020 1324 3097 habitum,
1371 3022 1594 3103 quinto
1642 3017 1792 3082 loco
1849 3017 2050 3083 addit:
2095 3019 2207 3081 καὶ
2251 3014 2319 3095 ἐξ
2365 3008 2455 3081 ὧν
2502 3018 2616 3081 καὶ
2662 3021 2753 3091 εἰς

535 3119 579 3188 οἳ
626 3125 871 3210 ἔσχατα
916 3124 978 3204 [,
1027 3120 1215 3206 οἷον]
1263 3125 1334 3186 αὶ
1379 3127 1658 3206 γενέσεις
1701 3122 1809 3185 καὶ
1857 3125 1927 3185 αἱ
1973 3123 2261 3210 φθοραί.
2331 3121 2403 3185 In
2436 3120 2532 3185 his
2563 3140 2752 3185 voca·-
2803 3158 2824 3165 -

534 3227 749 3292 bulum
799 3221 946 3292 οἷον
991 3250 1024 3290 a
1074 3237 1249 3291 textu
1293 3225 1751 3290 secludendum
1799 3228 2033 3301 censui,
2079 3224 2252 3309 quod
2289 3228 2570 3309 spurium
2597 3204 2751 3288 ‘esse

534 3354 608 3396 ex
653 3331 791 3417 ipsa
839 3333 1192 3395 sententiae
1238 3333 1490 3395 ratione
1536 3339 1827 3416 apparet3
1888 3351 2097 3414 neque
2156 3332 2323 3393 enim
2372 3331 2440 3391 in
2483 3349 2751 3414 genera-

536 3437 775 3498 tionem
824 3434 928 3497 vel
974 3437 1480 3522 corruptionem,
1546 3455 1755 3519 neque
1803 3455 1877 3497 ex
1920 3435 2342 3520 generatione
2385 3430 2492 3497 vel
2537 3451 2751 3495 corru—

534 3542 759 3624 ptione
820 3536 1160 3621 quidquam
1216 3547 1524 3615 mutatur,
1582 3546 1654 3601 nt
1708 3538 1772 3600 hi
1828 3540 2086 3601 extremi
2132 3540 2257 3601 sint
2297 3535 2463 3599 fines
2509 3555 2585 3598 ac
2627 3544 2750 3598 ter-

535 3644 688 3706 mini
744 3642 1142 3717 mutationis,
1199 3640 1313 3705 sed
1372 3645 1705 3728 generatio
1767 3651 1831 3704 et
1888 3643 2215 3725 corruptio
2272 3642 2475 3725 ipsam
2531 3639 2749 3723 potius

535 3745 819 3810 mutandi
851 3746 1015 3807 viam
1048 3742 1426 3830 significant.
1497 3744 1764 3809 Accedit
1796 3742 2137 3808 Alexandri
2171 3745 2534 3821 auctoritas,
2573 3742 2750 3806 cuius

537 3853 603 3913 in
651 3849 1105 3914 commentario
1163 3857 1471 3933 nusquam
1527 3847 1695 3912 illius
1739 3846 2038 3912 vocabuli
2084 3844 2229 3912 οἷον
2270 3849 2606 3933 vestigium
2651 3864 2750 3911 re-

538 3954 776 4042 perias,
836 3953 915 4015 cf.
959 3975 1021 4038 p.
1059 3953 1207 4030 341,
1252 3952 1367 4015 26:
1427 3952 1542 4015 καὶ
1588 3944 1672 4017 τοὶ
1718 3949 1788 4030 ἐξ
1832 3941 1924 4014 ὧν
1968 3955 2037 4014 αἱ
2082 3953 2361 4033 γενέσεις
2405 3950 2517 4014 καὶ
2561 3949 2750 4037 φθο-

535 4057 649 4141 ραί
689 4067 755 4121 et
785 4080 846 4141 p.
876 4058 1025 4134 341,
1063 4058 1177 4121 39:
1224 4056 1402 4141 λέγοι
1447 4053 1509 4119 δ’
1552 4050 1637 4121 ὀὲν
1681 4055 1939 4140 μᾶλλον
1981 4048 2072 4117 τὰ
2112 4052 2180 4132 ἐξ
2223 4043 2315 4118 ὧν
2360 4056 2430 4117 αἱ
2474 4055 2751 4136 γενέσεις

536 4161 647 4222 καὶ
693 4162 762 4222 αἱ
809 4160 1080 4247 φθοραὶ
1122 4162 1259 4224 κτλ.
1329 4158 1533 4225 Cuius
1578 4161 1944 4222 auctoritati
1986 4160 2232 4243 opponi
2277 4152 2749 4243 quodammodo

535 4264 742 4349 possit
787 4260 1147 4348 Asclepius,
1207 4265 1315 4349 qui
1363 4260 1538 4347 quod
1583 4261 1803 4326 scribit
1847 4260 2016 4325 Cod.
2065 4261 2246 4325 Mon.
2294 4260 2337 4323 f.
2368 4259 2584 4324 224a:
2640 4258 2751 4322 καὶ

538 4362 606 4443 ἐξ
653 4356 742 4431 ὧν
786 4367 898 4429 καὶ
938 4370 1028 4443 εἰς
1062 4359 1111 4428 ἃ
1148 4366 1392 4449 ἔσχατα
1429 4368 1866 4430 τουτέστιν
1902 4368 1972 4428 αἱ
2004 4366 2282 4447 γενέσεις
2310 4365 2423 4428 καὶ
2455 4365 2526 4427 αἱ
2563 4362 2751 4450 φθο-
