3043 4973
1159 226 1235 295 Z
1276 223 1345 296 6.
1428 222 1607 297 1031
1630 247 1696 297 α.
2387 224 2530 298 315

321 394 597 482 ἡμίσεος
640 395 910 483 ἡμίσεος
954 393 1319 466 διπλάσιον.
1408 400 1521 464 καὶ
1567 395 1769 466 πάλιν
1813 394 1898 465 ἂν
1941 398 2092 467 ἀντὶ
2137 385 2256 468 τᾶῦ
2299 398 2533 468 διπλά-

321 523 474 569 σιον
517 498 865 576 διπλάσιον
909 500 1180 587 ἡμίσεος
1223 504 1410 595 τεθῇ,
1453 506 1595 592 τρὶς
1639 505 1823 570 ἔσται
1864 508 2218 591 εἰρημένον,
2262 502 2535 589 ἡμίσεος

322 604 599 693 ἡμίσεος
654 603 923 690 ἡμίσεος
980 602 1344 674 διπλάσιον.
1402 610 1537 673 κτλ.
1596 646 1684 658 -
1741 608 1964 693 Itaque
2022 612 2319 695 quoniam
2378 609 2535 675 defi-

320 709 563 776 niendo
608 714 676 775 in
719 710 1032 776 infinitum
1073 711 1346 793 ferimur,
1391 704 1476 777 τοὶ
1521 708 1581 776 δ’
1619 705 1860 799 ἄπειρα
1906 709 2023 777 οὐκ
2066 714 2200 780 ἔστι
2243 752 2322 765 -
2367 710 2534 794 διεξ-

321 814 553 880 ελθεῖν
598 839 645 878 α
688 817 749 880 2.
796 817 958 880 994b
997 818 1113 895 30,
1170 838 1306 882 non
1364 826 1461 881 est
1519 818 1780 881 omnino
1836 812 2110 901 ὁρισμός
2154 818 2404 894 talium,
2462 823 2535 884 ἐν

323 911 425 994 οἷς
481 919 828 1003 συμβαίνει
885 920 985 996 δὶς
1029 914 1105 985 τὸ
1151 915 1315 986 αὐτὸ
1360 922 1568 1003 λέγειν
1604 923 1727 998 αὖ,
1784 919 1864 983 cf.
1911 921 2116 986 103οῠ
2156 924 2262 987 32.
2356 924 2532 1009 Quin

319 1026 511 1088 etiam
556 1026 611 1087 si
656 1022 970 1088 eiusmodi
1015 1024 1376 1110 praedicata
1432 1045 1572 1088 cum
1616 1026 1693 1087 iis
1740 1026 2173 1105 coniunxeris,
2230 1050 2392 1113 quae
2437 1050 2533 1093 re-

321 1130 606 1213 quirunt,
653 1125 985 1206 subiecti8‚
1029 1127 1230 1193 veluti
1274 1125 1572 1213 ἀριθμὸς
1613 1124 1930 1213 περιττός,
1973 1152 2057 1195 ne
2103 1143 2231 1196 tum
2279 1131 2531 1218 quidem

319 1252 546 1296 eorum
606 1224 880 1315 ὁρισμός
935 1239 1153 1316 potest
1209 1252 1375 1309 esse,
1433 1225 1607 1297 ἀλλὰ
1662 1229 1993 1298 λανθάνει
2038 1229 2141 1299 ὅτι
2187 1232 2304 1300 οὐκ
2348 1233 2534 1322 ἀκρι-

319 1336 455 1418 βῶς
499 1336 803 1417 λέγονται
845 1336 910 1398 οἱ
946 1329 1133 1418 λόγοι
1166 1337 1276 1413 07,
1321 1335 1450 1400 hoc
1491 1347 1601 1414 est,
1647 1341 1700 1401 si
1738 1346 1914 1403 recte
1953 1338 2324 1425 philosophi
2360 1361 2533 1405 men-

319 1449 445 1504 tem
490 1440 825 1525 perspicio,
872 1458 1007 1502 non
1050 1443 1203 1503 satis
1247 1450 1541 1506 accurate
1588 1438 1940 1519 definimus,
1986 1446 2039 1506 si
2078 1440 2383 1529 ἀριθμὸν
2417 1467 2531 1509 πε-

319 1539 543 1629 ριττόν
590 1540 860 1607 definire
905 1546 1308 1629 suscipimuS,
1365 1549 1509 1631 quia
1564 1548 1630 1609 in
1677 1546 1956 1629 περιττῷ
1997 1548 2121 1610 iam
2167 1551 2533 1613 continetur

319 1649 505 1713 notio
541 1648 804 1712 numeri.
835 1684 923 1696 --
964 1649 1055 1713 ⁶3
1101 1649 1220 1713 τοῦ
1261 1650 1505 1715 ποιοῦ
1549 1649 1662 1713 καὶ
1697 1651 2021 1735 περιττοῦ.
2089 1653 2215 1716 Pro
2249 1675 2307 1715 v.
2337 1653 2533 1716 ποιοῦ

322 1750 724 1816 scribendum
769 1753 1059 1837 suspicor
1102 1749 1426 1837 ἀρτίου,
1482 1755 1627 1838 quia
1688 1754 2001 1819 eiusmodi
2045 1755 2390 1820 accidentis
2435 1778 2534 1821 re-

322 1858 590 1943 quiritur
632 1858 891 1935 mentio,
938 1855 1114 1941 quod
1160 1860 1364 1921 certi
1410 1856 1731 1922 cuiusdam
1769 1859 2039 1924 subiecti
2076 1860 2534 1946 complectatur

320 1963 684 2035 notionem;
744 1960 920 2044 quod
978 1960 1230 2047 quidem
1283 1961 1633 2026 subiectum
1682 1986 1870 2047 quum
1918 1963 2089 2027 dicat
2132 1986 2273 2028 esse
2320 1987 2532 2029 nume-

317 2088 487 2144 rum,
527 2062 626 2136 ,οὐ
681 2057 809 2150 γὰρ
867 2062 1024 2129 ἄνευ
1068 2062 1398 2151 ἀριθμοῦ,
1456 2065 1791 2152 probabile
1848 2078 1947 2132 est
2003 2090 2144 2133 eum
2204 2072 2531 2155 scripsisse

320 2170 441 2234 τοῦ
485 2165 720 2256 ἀρτίου
762 2168 874 2232 καὶ
918 2170 1239 2255 περιττοῦ.
1289 2208 1366 2220 -
1416 2172 1557 2234 alo
1600 2168 1719 2235 ὡδὶ
1761 2174 1910 2255 μέν,
1967 2176 2007 2236 i.
2049 2194 2103 2239 e.
2150 2171 2375 2250 ἁπλῶς
2419 2177 2532 2240 καὶ

315 2268 607 2356 πρώτως.
690 2274 822 2336 all
872 2268 990 2336 ὡδὶ
1035 2268 1120 2350 δ’,
1165 2277 1205 2338 i.
1238 2296 1293 2339 e.
1339 2271 1419 2341 οὐ
1461 2270 1746 2362 πρώτως,
1792 2275 1868 2340 cf.
1919 2279 1978 2341 4.
2027 2279 2229 2343 103οὁ
2266 2280 2328 2343 5.

1210 2535 1268 2610 C
1282 2535 1437 2612 ΑΡ.
1508 2536 1639 2611 VI.

462 2682 821 2760 Quaeritur
863 2691 1080 2746 utrum
1124 2681 1295 2747 idem
1342 2704 1427 2746 an
1471 2682 1798 2747 diversum
1841 2683 1928 2746 sit
1965 2705 2074 2747 res
2111 2684 2432 2770 quaelibet
2468 2697 2532 2752 et

316 2790 464 2852 eiua
509 2789 573 2851 τί
617 2776 700 2866 ἦν
748 2780 942 2863 εἶναι,
1000 2796 1061 2852 et
1118 2790 1187 2851 iu
1245 2785 1630 2851 substantiis
1674 2787 1934 2873 quidem
1974 2797 2323 2877 utrumque!
2357 2791 2531 2856 idem

318 2916 465 2957 esse
508 2893 836 2956 statuitur.

456 3014 666 3077 mala
703 3013 785 3075 15
832 3004 1183 3093 πότερον
1233 3046 1312 3060 --
1362 3011 1448 3075 18
1494 3008 1756 3075 οὐσία.
1835 3012 2022 3096 Quae
2059 3015 2264 3100 capite
2303 3025 2527 3101 quarto

322 3114 405 3179 de
448 3117 541 3198 τῷ
584 3136 698 3193 τηε
746 3113 1118 3199 disputavit,
1178 3136 1252 3178 ea
1311 3118 1461 3179 satis
1505 3135 1712 3200 prope
1758 3117 2066 3181 accedere
2109 3118 2405 3182 videntur
2448 3118 2529 3183 ad

318 3219 718 3284 Platonicam
775 3217 859 3281 de
914 3217 1074 3282 ideis
1135 3217 1503 3283 doctrinam.
1598 3222 1848 3285 Etenim
1905 3230 1968 3284 et
2011 3221 2195 3286 Plato
2242 3220 2532 3287 substan-

322 3327 473 3389 tiam
529 3344 741 3388 rerum
796 3343 931 3385 non
979 3323 1045 3384 in
1092 3322 1375 3387 sensibili
1421 3344 1634 3387 earum
1680 3326 1939 3389 materia
1988 3324 2101 3390 sed
2148 3326 2215 3389 in
2260 3329 2532 3391 notione

318 3429 589 3493 formam
634 3448 842 3491 rerum
889 3428 1318 3491 constituente
1362 3429 1882 3508 inesse‘censuit,
1932 3441 1995 3495 et
2041 3430 2417 3495 Aristoteles
2462 3435 2530 3498 in

318 3532 415 3616 τῷ
456 3555 600 3612 τηε,
656 3552 821 3619 quae
867 3542 933 3596 et
975 3533 1113 3617 ipsa
1161 3541 1257 3595 est
1302 3531 1660 3619 cogitabilis
1705 3537 1799 3598 rei
1842 3535 2076 3614 forma,
2127 3544 2412 3599 naturam
2458 3556 2533 3600 ac

320 3636 735 3702 substantiam
794 3638 887 3701 rei
945 3638 1338 3722 potissimum
1396 3642 1571 3702 cerni
1628 3640 1780 3704 vult.
1873 3640 2004 3705 Sed
2064 3663 2252 3726 quum
2309 3643 2375 3706 in
2433 3641 2531 3705 his

322 3744 744 3820 consentiant,
797 3740 928 3806 duo
973 3751 1183 3805 tamen
1228 3740 1633 3807 intercedunt
1676 3764 1877 3831 eaque
1922 3744 2092 3809 haud
2139 3747 2360 3831 exigua
2408 3744 2533 3808 dis-

321 3848 584 3911 crimina
642 3850 809 3911 inter
862 3843 1039 3909 ideas
1083 3845 1445 3910 Platonicae
1505 3858 1571 3911 et
1627 3841 1710 3911 τὰ
1769 3871 1881 3927 τηε
1927 3847 2316 3914 Aristotelis:
2378 3848 2534 3913 alte-

316 3973 477 4029 rum,
520 3950 697 4036 quod
742 3949 927 4014 ideae
964 3971 1205 4017 summa
1239 3961 1531 4036 spectant
1564 3972 1769 4015 rerum
1808 3973 2063 4040 genera,
2110 3945 2194 4015 τὰ
2227 3975 2339 4032 τηε
2375 3974 2530 4019 vero

318 4059 595 4142 ipsarum
639 4077 847 4120 rerum
882 4053 1268 4142 singularum
1299 4056 1565 4120 formam
1598 4058 2008 4134 constituunt,
2052 4055 2221 4120 infra
2248 4059 2315 4120 in
2347 4078 2533 4143 quae·
2560 4070 2561 4073 ’

320 4162 593 4225 stionem
639 4163 845 4236 venit;
904 4157 1198 4237 alterum,
1258 4159 1432 4245 quod
1488 4158 1671 4223 ideae
1733 4158 2083 4224 disiunctae
2137 4171 2284 4226 sunt
2329 4162 2407 4225 ab
2455 4164 2530 4225 iis

318 4264 512 4331 rebus
560 4288 818 4351 quarum
868 4265 1253 4328 constituant
1285 4275 1568 4327 naturam
1619 4263 1732 4344 (cf.
1765 4265 1836 4329 A
1865 4267 1926 4329 6.
1958 4267 2118 4331 9871>
2144 4267 2245 4345 8),
2289 4259 2373 4345 τὰ
2417 4286 2531 4344 τηε

317 4390 477 4434 vero
525 4371 590 4433 in
637 4369 732 4433 bis
774 4371 929 4454 ipsis
974 4371 1204 4447 insunt3
1253 4389 1423 4433 nunc
1466 4389 1791 4456 exponere
1836 4372 2114 4456 suscipit.
