3043 4973
1213 225 1292 299 A
1345 224 1407 298 l.
1483 222 1712 300 9802».
2461 229 2558 304 37

356 398 499 463 Hoc
535 406 749 463 autem
781 395 933 463 loco
962 396 1148 465 latius
1176 410 1395 488 patere
1425 404 1563 469 eius
1597 401 1780 468 verbi
1808 405 1936 469 vim
1963 425 2173 491 neque
2200 403 2559 471 adstrictam

358 522 494 567 esse
539 499 670 565 illis
713 500 1162 589 philosophiae
1204 504 1462 586 finibus,
1505 510 1698 574 immo
1745 508 1984 574 ειδέναι
2030 530 2105 572 ea
2148 511 2366 594 potius
2399 511 2559 575 acci-

354 604 659 693 piendum
689 605 1175 694 significatione,
1218 632 1402 696 quam
1431 610 1634 699 vulgo
1664 609 1873 689 babet,
1911 634 1985 677 ex
2013 613 2315 699 proximis
2340 611 2558 679 verbis

355 719 654 797 apparet,
700 731 890 795 quum
935 710 1189 797 quidem
1233 714 1415 793 inde,
1456 699 1650 801 'quod
1695 734 1991 780 sensuum
2036 716 2559 801 perceptionibus

355 813 746 878 delectamur
800 835 1034 900 easque
1076 820 1293 906 magni
1334 819 1614 896 facimus,
1658 816 2061 907 comprobari
2105 818 2263 884 dicit
2302 821 2559 885 insitum

354 916 717 1009 homipibus
773 920 1078 985 scientiae
1133 919 1430 986 studium.
1517 923 1829 988 Nimirum
1885 944 2181 989 sensuum
2226 926 2560 1009 perceptio

355 1029 538 1108 quam
584 1020 786 1109 longe
831 1021 1024 1087 distet
1065 1045 1104 1087 a
1148 1027 1410 1093 scientia
1454 1026 1584 1091 hoc
1625 1030 1771 1113 ipso
1818 1029 2028 1113 capite
2071 1027 2374 1120 exponit..
2426 1026 2560 1092 sed

353 1124 505 1191 licet
549 1124 740 1190 latius
785 1126 1038 1191 extendi
1082 1127 1268 1194 huius
1306 1131 1597 1195 notionis
1629 1129 1794 1195 fines
1829 1129 2183 1207 videantur,
2225 1141 2438 1196 manet
2470 1140 2561 1195 ta-

353 1251 497 1294 men
544 1228 630 1294 de
674 1251 800 1316 qua
840 1229 948 1295 hic
994 1235 1258 1297 maxime
1301 1236 1511 1359 agitur
1549 1237 1717 1301 inter
1746 1235 1986 1301 εἰδέναι
2017 1244 2082 1298 et
2107 1229 2419 1321 πράττειν
2447 1255 2561 1320 op·

353 1335 613 1420 positio,
660 1333 740 1398 cf.
775 1336 912 1399 022
944 1336 1144 1423 χωρὶς
1171 1336 1291 1417 τῆς
1309 1339 1554 1425 χρείας,
1596 1339 1686 1403 24
1724 1338 1951 1421 μηθὲν
1976 1337 2325 1423 μέλλοντες
2350 1333 2560 1426 πράτ·

352 1459 502 1515 τειν,
545 1440 608 1502 2.
654 1439 816 1503 982⁶
861 1440 967 1505 21.

482 1543 657 1608 9800
684 1543 770 1607 21
816 1552 1167 1626 σημεῖον
1206 1580 1284 1595 -
1327 1546 1416 1610 28
1452 1539 1551 1610 τὰ
1587 1545 1767 1629 ζῷα.
1834 1546 1894 1611 A
1925 1555 2152 1611 natura
2183 1546 2434 1611 insitam
2468 1543 2562 1610 di-

353 1647 442 1710 cit
472 1646 769 1712 omnibus
805 1644 1182 1712 animalibus
1211 1649 1534 1715 sentiendi
1560 1647 1952 1726 facultatem;
1998 1652 2231 1715 etenim
2259 1650 2400 1735 ipsa
2431 1651 2559 1713 ani-

352 1746 532 1813 malis
573 1760 803 1815 natura
848 1761 914 1817 et
955 1753 1157 1830 notio,
1202 1751 1451 1838 qualem
1498 1751 1880 1819 Aristoteles
1924 1755 2159 1831 statuit,
2203 1755 2270 1817 in
2310 1773 2391 1818 eo
2429 1774 2563 1819 cer-

351 1855 536 1932 nitur,
583 1852 759 1939 quod
802 1853 1123 1920 sentiendi
1167 1854 1469 1922 facultate
1511 1856 1871 1944 praeditum
1916 1866 2032 1935 est,
2074 1857 2202 1922 hoc
2233 1854 2455 1921 differt
2483 1850 2562 1921 τὸ

352 1955 523 2040 ζῷον
582 1966 651 2022 et
705 1951 784 2023 τὸ
825 1957 982 2037 ζῶν,
1039 1957 1123 2022 de
1166 1960 1374 2026 an.11
1416 1962 1482 2025 2.
1529 1961 1691 2025 4131»
1729 1953 1919 2026 1·τό
1962 1961 2084 2045 μὲν
2126 1949 2246 2026 οὖν
2288 1959 2409 2039 ζῆν
2451 1954 2564 2025 δια

352 2055 479 2140 τὴν
517 2053 732 2146 ἀρχὴν
772 2057 1021 2140 ταύτην
1064 2064 1220 2142 (int.
1266 2059 1351 2129 δι’
1388 2053 1469 2142 ἦς
1510 2057 1790 2143 αὔξησίν
1832 2086 1903 2129 τε
1944 2064 2058 2130 καὶ
2100 2063 2378 2152 φθίσιν
2392 2064 2563 2146 λαμ-

351 2158 679 2247 βάνουσι)
720 2161 1012 2250 ὑπαρχει,
1054 2159 1134 2231 τὰ
1180 2166 1250 2232 δὲ
1291 2165 1462 2251 ζῷον
1493 2160 1604 2231 διὰ
1636 2162 1761 2246 τὴν
1789 2165 2119 2247 αἴσθησιν
2149 2161 2435 2251 πρώτως,
2479 2165 2562 2230 de

352 2289 522 2333 sens.
571 2270 631 2333 1.
678 2270 840 2336 4361»
866 2271 971 2336 10.
1049 2269 1334 2335 Eandem
1378 2269 1698 2335 sentiendi
1743 2270 2103 2335 facultatem
2150 2269 2301 2335 alibi
2345 2268 2565 2356 appel-

352 2369 447 2436 lat
474 2365 754 2456 δύναμιν
782 2369 1127 2464 σύμφυτον
1152 2370 1445 2461 κριτικήν
1474 2373 1657 2438 Anal.
1687 2385 1857 2460 post.
1887 2375 1947 2439 11
1980 2377 2086 2439 19.
2115 2375 2234 2439 996
2258 2375 2363 2451 34,
2397 2376 2562 2460 quia,

355 2485 427 2540 ut
473 2486 570 2542 est
612 2478 681 2542 in
725 2476 890 2542 libro
938 2477 1022 2543 de
1066 2480 1273 2544 anima
1310 2478 1402 2545 111
1431 2480 1493 2543 2.
1528 2479 1689 2544 42δό
1716 2480 1818 2556 10,
1861 2478 2065 2566 κρίνει
2094 2471 2215 2554 τὰς
2249 2478 2370 2544 τοῦ
2398 2474 2563 2544 ὑπο-

352 2583 650 2663 κειμένου
690 2579 1041 2671 διαφοράς.
1109 2583 1207 2648 Ac
1232 2604 1385 2669 prae
1424 2584 1654 2650 ceteris
1683 2581 1938 2669 quidem
1970 2580 2264 2648 sensibus
2299 2580 2561 2647 videndi

352 2706 578 2749 sensus
634 2684 831 2749 multa
875 2689 1147 2773 percipit
1188 2707 1396 2751 rerum
1441 2684 1837 2750 sensibilium
1882 2684 2275 2763 discrimina,
2332 2684 2563 2770 quibus

355 2787 700 2853 definiatur
757 2810 978 2854 eorum
1034 2801 1262 2855 natura
1316 2788 1435 2867 (cs.
1493 2787 1576 2854 de
1632 2809 1775 2853 voc.
1827 2782 2125 2878 διαφορά
2167 2788 2241 2852 A
2285 2791 2347 2854 4.
2393 2789 2563 2853 9851»

357 2893 461 2957 13.
505 2894 597 2957 H
624 2893 686 2957 2.
735 2895 939 2959 10426
965 2895 1067 2973 12,
1102 2896 1208 2959 32.
1256 2894 1465 2959 1043a
1497 2894 1597 2957 19.
1641 2892 1714 2956 A
1741 2894 1802 2957 9.
1846 2893 2008 2958 9926
2041 2893 2102 2970 3,
2138 2894 2242 2974 5),
2284 2891 2563 2978 ideoque

351 3016 463 3061 sua
495 3018 572 3060 ac
599 3000 863 3083 propria
896 3000 1132 3063 virtute
1160 2996 1419 3084 reliquis
1450 3004 1747 3083 praestat,
1786 2995 1864 3060 cf.
1897 2994 1978 3061 de
2007 3017 2176 3062 sens.
2209 2998 2269 3061 1.
2300 2998 2466 3062 43711
2491 2999 2561 3061 2·

352 3093 607 3176 πολλὰς
649 3093 778 3185 γὰρ
824 3101 1312 3205 εἰσαγγέλλουσι
1355 3103 1508 3179 (int.
1554 3102 1626 3164 αἱ
1666 3094 2059 3179 αἰσθήσεις)
2101 3094 2450 3188 διαφορας,
2493 3097 2562 3177 ἐξ

354 3194 444 3267 ὧν
488 3199 531 3283 ἥ
575 3226 649 3268 τε
691 3204 824 3268 τῶν
878 3199 1134 3283 νόητῶν
1189 3205 1513 3289 ἐγγίνεται
1569 3197 1894 3323 φρόνησις
1949 3204 2063 3268 καὶ
2116 3199 2162 3281 ἡ
2217 3202 2350 3267 τῶν
2389 3223 2563 3287 πρα-

351 3307 537 3371 κτῶν.
620 3303 841 3372 αὐτῶν
884 3309 954 3373 δὲ
995 3303 1248 3373 τούτων
1288 3302 1455 3391 πρὸς
1497 3307 1618 3389 μὲν
1659 3299 1746 3370 τὰ
1790 3302 2123 3429 ἀναγκαῖα
2166 3305 2475 3390 κρείττων
2517 3302 2561 3384 ἡ

355 3402 514 3498 ὄψις
557 3412 675 3475 καὶ
716 3409 884 3476 καθ’
925 3406 1163 3491 αὑτήν,
1217 3405 1387 3498 πρὸς
1441 3411 1511 3474 δὲ
1566 3411 1725 3475 νοῦν
1779 3409 1892 3474 καὶ
1934 3430 2105 3472 κατα
2149 3402 2564 3492 συμβεβηκὸς

354 3509 396 3591 ἡ
443 3508 631 3593 ἀκοή.
718 3508 1051 3603 διαφορὰς
1092 3517 1213 3599 μὲν
1254 3507 1384 3599 γὰρ
1427 3506 1681 3590 πολλὰς
1722 3512 2120 3595 εἰσαγγέλλει
2159 3514 2274 3577 καὶ
2316 3534 2565 3580 παντο-

348 3610 575 3693 ’δαπὰς
617 3614 662 3696 ἡ
709 3620 828 3698 τῆς
872 3612 1089 3708 ὅψεως
1133 3612 1410 3702 δύναμις
1447 3611 1559 3684 διὰ
1594 3609 1676 3682 τὸ
1709 3610 1930 3686 πάντα
1964 3608 2051 3679 τοὶ
2093 3610 2367 3700 σώματα
2409 3637 2565 3698 μετ-

354 3724 520 3805 έχειν
558 3716 936 3809 χρώματος,
994 3716 1158 3788 ὥστε
1213 3723 1328 3789 καὶ
1381 3714 1468 3786 τὰ
1521 3715 1716 3788 κοινὰ
1767 3713 1880 3788 διαὶ
1938 3714 2181 3798 ταύτης
2236 3713 2564 3785 αἰσθάνε-

354 3827 531 3890 σθαι
558 3820 884 3908 μάλιστα·
928 3826 1094 3909 λέγω
1125 3826 1194 3891 δὲ
1223 3817 1414 3891 κοινὰ
1444 3825 1688 3909 σχῆμα,
1717 3823 2024 3908 μέγεθος,
2051 3824 2324 3901 κίνησιν,
2358 3818 2565 3909 &910-

354 3923 504 4012 μόν.
570 3928 745 4015 Quia
791 3930 987 4014 igitur
1030 3949 1164 3994 non
1210 3930 1474 3995 omnino
1518 3926 1782 3994 videndi
1827 3948 2051 3992 sensus
2094 3925 2355 4012 reliquis
2383 3948 2566 4012 prae·

356 4042 483 4096 stat
522 4032 836 4111 sensibus,
880 4031 997 4096 sed
1038 4032 1425 4120 singularem
1472 4034 1662 4096 etiam
1703 4033 1830 4098 vim
1875 4029 1954 4094 ad
1989 4030 2403 4097 excolendum
2434 4032 2567 4096 ani-

360 4158 524 4200 mum
568 4133 876 4201 audiendi
919 4136 1112 4201 babet
1153 4157 1395 4214 sensus,
1437 4135 1590 4200 ideo
1622 4156 1756 4199 non
1787 4135 2152 4221 simpliciter
2180 4134 2335 4201 dicit
2367 4136 2567 4200 omui-

359 4240 480 4305 bus
519 4241 715 4306 rebus
762 4258 881 4304 nos
925 4239 1250 4326 praeferre
1295 4238 1558 4305 videndi
1604 4237 1984 4317 facultatem,
2027 4238 2143 4304 sed
2182 4260 2320 4304 cum
2358 4235 2565 4321 aliqua

358 4349 764 4412 restrictione
808 4344 838 4409 f
848 4366 1010 4424 ere,
1055 4365 1313 4432 prope
1342 4341 1683 4410 dixerim
1729 4343 2024 4409 omnibus
2057 4340 2261 4421 rebus,
2301 4334 2568 4406 πάντων
