3043 4973
1177 266 1255 381 ‘A
1302 263 1372 338 9.
1457 263 1726 355 lolsa.
2225 246 2248 267 ⁶
2406 269 2553 346 245

351 455 491 501 esse
536 446 893 517 censentur,
940 438 1054 503 sed
1102 442 1285 505 etiam
1333 443 1585 528 utrique
1631 453 1696 508 et
1727 444 2117 510 substantiae
2148 456 2213 510 et
2244 445 2551 512 accidenti

348 543 615 606 seorsim
659 545 884 627 positis
929 536 1006 607 td
1052 539 1588 634 συναμφότερον,
1633 546 1980 611 substantia
2028 551 2366 613 coniuncta
2410 572 2552 615 cum

346 644 703 725 accidente,
748 646 942 711 veluti
988 642 1362 733 Σωκράτης
1403 645 1738 731 μουσικός,
1785 650 1953 715 idem
1999 671 2140 715 esse
2186 650 2441 732 dicitur,
2485 663 2552 718 et

345 767 562 813 rursus
619 750 713 832 τῷ
768 752 1243 841 συναμφοτέρῳ
1309 761 1648 837 utrumque
1715 765 1781 818 et
1844 752 2196 819 substantia
2263 766 2327 820 et
2389 760 2552 821 acci-

347 851 526 917 dens.
617 853 755 917 Hae
801 864 1008 918 autem
1051 853 1559 938 praedicationes
1599 876 1837 935 omneS,
1879 853 2101 922 πάντα
2147 861 2358 923 ταῦτα
2404 862 2548 940 ὀ33,

347 977 508 1040 quae
551 956 718 1020 fiunt
759 951 931 1022 κατὰ
975 953 1415 1041 συμβεβηκός,
1473 980 1605 1023 non
1658 960 1898 1025 habent
1939 964 2064 1025 vim
2110 962 2548 1041 universalem,

342 1056 653 1124 καθόλου
697 1057 777 1124 οὐ
819 1062 1096 1145 λέγεται,
1151 1072 1418 1147 propter
1461 1062 1529 1127 id
1573 1066 1778 1148 ipsum
1825 1067 1969 1150 quia
2016 1067 2311 1128 universe
2354 1064 2547 1129 tribui
2629 1048 2640 1058 ’

345 1160 534 1226 alicui
577 1166 673 1227 rei
717 1186 850 1229 non
896 1174 1193 1249 possunt,
1252 1167 1372 1230 nisi
1430 1187 1596 1252 quae
1639 1189 1759 1254 per
1801 1189 1870 1232 se
1918 1170 1978 1232 ei
2021 1168 2384 1232 tribuuntur
2427 1168 2547 1249 (cf.

344 1267 464 1330 An.
505 1277 674 1352 post.
715 1269 746 1333 1
790 1268 851 1332 4.
899 1269 1161 1338 73626:
1198 1264 1506 1334 καθόλου
1551 1269 1620 1335 δὲ
1664 1270 1829 1354 λέγω
1875 1265 1914 1335 ὃ
1959 1263 2046 1335 ἂν
2086 1264 2257 1335 κατὰ
2298 1267 2549 1349 παντός

341 1392 411 1434 τε
454 1366 711 1460 ὑπάρχῃ
755 1370 868 1434 καὶ
910 1366 1078 1434 καθ’
1117 1365 1281 1436 αὐτὸ
1326 1373 1439 1437 καὶ
1483 1363 1524 1460 ᾗ
1570 1368 1819 1453 αὐτά),
1863 1370 2010 1437 ἀλλ’
2049 1374 2155 1437 ἐπὶ
2199 1374 2329 1438 τῶν
2372 1368 2539 1437 καθ’

344 1477 587 1538 ἕκαστα
618 1471 841 1554 ἁπλῶς
871 1474 1123 1557 λέγεται
1153 1493 1188 1529 a
1205 1476 1262 1552 1,
1293 1474 1352 1537 h.
1382 1496 1434 1538 e.
1467 1477 1521 1538 si
1551 1475 1964 1540 accidentalis
1992 1473 2338 1539 identitatis
2366 1497 2548 1561 prae-

341 1577 577 1642 dicatio
623 1576 961 1642 adhibetur
1001 1580 1069 1641 in
1113 1579 1383 1642 notione
1437 1578 1808 1657 universali,
1862 1581 2180 1643 restrictio
2238 1577 2545 1664 quaedam

341 1679 634 1745 addenda
683 1691 806 1759 est,
851 1680 1053 1745 veluti
1098 1675 1464 1768 ἄνθρωπός
1507 1705 1629 1759 τις
1670 1681 1783 1746 καὶ
1825 1676 1903 1746 τὸ
1947 1674 2264 1765 μουσικὸν
2303 1678 2546 1780 ταύτόη

340 1788 506 1860 ἐστι,
562 1785 663 1847 sin
716 1783 1053 1849 adhibetur
1101 1788 1169 1848 in
1212 1806 1339 1848 una
1386 1785 1653 1870 quadam
1699 1806 1797 1864 re,
1854 1784 2225 1871 simpliciter
2268 1782 2545 1866 (ἁπλῶς,

340 1887 421 1951 cf.
467 1887 548 1951 ad
593 1889 654 1952 5.
703 1890 908 1954 1015b
945 1877 1029 1967 8')
1075 1890 1212 1952 sine
1259 1888 1369 1951 tali
1410 1891 1875 1973 pronunciatur
1916 1888 2325 1968 limitatione,
2381 1888 2545 1953 Σω-

339 1985 583 2079 κράτης
627 1992 739 2056 καὶ
782 1985 859 2056 τὸ
904 1984 1220 2077 μουσικὸν
1261 1986 1503 2056 ταύτόν
1549 1995 1743 2056 ἐστιν.

374 2131 383 2134 ψ
470 2093 642 2158 Idem
689 2117 806 2180 per
850 2115 950 2173 se,
997 2095 1206 2158 lolsa
1242 2096 1464 2170 5-9‚
1510 2117 1700 2180 quum
1749 2094 2012 2159 eandem
2059 2095 2293 2161 babeat
2336 2098 2545 2161 notio-

337 2219 483 2264 nem
531 2209 718 2283 atque
763 2219 954 2263 unum
1000 2221 1116 2284 per
1158 2220 1246 2277 se,
1294 2197 1676 2263 Aristoteles
1723 2202 1971 2263 omissis
2018 2221 2173 2285 quas
2213 2210 2397 2264 antea
2444 2219 2546 2263 ex-

338 2304 556 2388 posuit
612 2301 1127 2366 distinctionibus
1183 2305 1334 2365 satis
1391 2300 1588 2365 habet
1642 2305 2022 2388 praecipuas
2079 2306 2213 2367 eius
2258 2305 2544 2367 notionis

339 2405 838 2494 significationes
894 2426 1296 2469 memorasse.
1388 2407 1677 2491 Namque
1733 2406 2031 2469 identitas
2090 2410 2390 2492 quoniam
2449 2415 2545 2471 est

337 2533 573 2588 rerum,
632 2509 735 2574 vel
783 2531 943 2594 quae
989 2519 1137 2573 sunt
1181 2510 1397 2596 plnres
1442 2532 1738 2588 numero,
1795 2509 1903 2574 vel
1962 2533 2122 2595 quae
2182 2514 2545 2597 cogitantur

337 2637 413 2680 ac
458 2616 512 2679 si
556 2617 684 2678 sint
726 2612 958 2699 plureS,
1005 2617 1316 2679 essentiae
1362 2617 1585 2691 unitaS,
1630 2614 1757 2677 hoc
1803 2616 2113 2677 essentiae
2148 2616 2408 2677 nomine
2437 2611 2543 2676 vel

337 2720 594 2782 materia
638 2715 748 2780 vel
791 2719 972 2780 notio
1019 2716 1363 2804 significari
1398 2724 1655 2802 'potest3
1716 2716 1797 2781 ad
1855 2718 1964 2780 has
2026 2715 2181 2781 duas
2227 2715 2543 2803 significa-

334 2825 547 2887 tiones
591 2819 785 2884 modo
835 2819 1247 2905 amplificatas
1292 2819 1489 2884 modo
1539 2823 1738 2885 artius
1784 2823 2100 2886 restrictas
2142 2818 2330 2885 facile
2375 2828 2542 2884 cete-

336 2947 447 2991 rae
490 2925 866 2990 referentur.

467 3031 572 3094 De
618 3031 888 3093 notione
926 3028 1047 3092 τοῦ
1090 3023 1334 3092 ταύτοῦ
1373 3031 1652 3114 itemque
1697 3028 1779 3093 de
1831 3033 1908 3094 iis
1952 3048 2106 3114 quas
2137 3028 2373 3093 deinde
2402 3049 2541 3114 per²

246 3166 255 3171 ·
336 3137 590 3221 stringit
632 3134 751 3198 τοῦ
795 3135 1045 3218 ἑτέρου,
1089 3132 1209 3196 τοῦ
1252 3127 1597 3220 διαφόρου,
1641 3135 1761 3197 τοῦ
1803 3130 2055 3216 ὁμοίου,
2101 3133 2220 3196 τοῦ
2263 3129 2539 3196 ἀντικει-

335 3243 538 3321 μένου
582 3233 874 3301 subtilius
919 3234 1199 3319 disputat
1237 3234 1286 3296 I
1316 3236 1376 3311 3,
1421 3235 1482 3298 4.
1559 3234 1782 3298 Veluti
1826 3240 2045 3320 ἕτερον
2089 3235 2213 3299 hoc
2258 3234 2407 3299 loco
2446 3235 2538 3297 ni·

334 3340 426 3406 hil
470 3339 643 3406 aliud
689 3360 873 3425 quam
920 3334 1370 3421 ἀντικειμένως
1413 3339 1734 3422 λέγεσθαι
1777 3340 1870 3420 τῷ
1912 3334 2127 3421 ταύτῷ
2169 3335 2352 3415 dicit,
2408 3335 2540 3401 illic

334 3466 494 3508 vero
553 3441 878 3529 quomodo
938 3445 1018 3505 sit
1077 3442 1473 3526 oppositum,
1531 3463 1679 3505 num
1739 3440 2229 3506 contradictorie
2281 3462 2362 3505 an
2406 3439 2536 3505 alio

336 3546 609 3632 quodam
654 3546 851 3610 modo
897 3544 1244 3631 distinguit.
1332 3543 1549 3608 Maior
1593 3548 1779 3609 etiam
1825 3544 2215 3632 negligentia
2259 3547 2539 3609 cernitur

333 3654 402 3715 in
448 3649 868 3714 describenda
909 3651 1181 3713 notione
1224 3647 1344 3709 τοῦ
1387 3642 1716 3736 διαφόρου
1761 3651 1972 3714 1018oe
2005 3651 2305 3714 12-15.
2372 3649 2538 3713 Nam

332 3757 597 3841 primum
643 3752 801 3817 illud
849 3751 1099 3837 quidem
1145 3759 1319 3814 recte
1366 3749 1572 3830 docet,
1616 3754 1683 3816 in
1729 3754 1822 3835 τῷ
1865 3747 2182 3842 διαφόρῳ,
2212 3751 2290 3815 ad
2328 3754 2537 3816 notio-

334 3879 479 3922 nem
525 3860 646 3921 τοῢ
680 3860 920 3943 ἑτέρουὶ
964 3876 1126 3940 quae
1166 3857 1300 3919 eius
1341 3864 1436 3918 est
1472 3874 1694 3942 genus,
1739 3859 2044 3920 unitatem
2084 3854 2398 3940 quandam
2438 3877 2538 3919 ac·

335 3960 580 4038 cedere,
624 3959 821 4024 modo
867 3980 951 4022 ne
995 3961 1242 4045 cogites
1288 3951 1420 4039 (μὴ
1463 3953 1673 4040 μόνον
1709 3961 1861 4036 «112,
1908 3962 2087 4044 quasi
2124 3958 2294 4023 dicat
2326 3952 2537 4043 μόνον

335 4060 446 4146 μή,
491 4062 667 4127 Alex.
697 4087 759 4148 p.
789 4065 939 4141 340,
975 4064 1034 4139 4,
1078 4064 1158 4127 cf.
1193 4063 1262 4125 E
1288 4065 1345 4126 1.
1382 4062 1585 4125 102511
1608 4063 1737 4141 28)
1777 4065 2084 4127 unitatem
2115 4064 2378 4139 numeri,
2419 4060 2537 4129 sed

334 4165 442 4230 vel
486 4169 723 4252 speciei
768 4166 873 4229 vel
918 4169 1174 4253 generis
1219 4164 1327 4229 vel
1386 4164 1722 4253 analogiae
1780 4169 2103 4232 unitatem.
2193 4168 2371 4231 Haec
2420 4187 2536 4230 no-

335 4271 531 4333 tionis
577 4269 921 4357 descriptio
968 4271 1105 4335 fere
1149 4271 1429 4335 concinit
1464 4291 1607 4333 cum
1645 4269 2075 4356 disputatione
2103 4271 2250 4336 libri
2277 4269 2339 4335 Ι.
2401 4268 2535 4334 ’ὃοᾶ

334 4372 430 4437 bis
476 4377 565 4437 ita
612 4379 916 4462 expositis
964 4396 1093 4441 non
1142 4384 1277 4440 erat
1319 4396 1431 4439 cur
1477 4373 1782 4440 adiiceret
1831 4365 1921 4442 ὧν
1967 4379 2185 4460 ἕτερον
2228 4366 2305 4437 τὸ
2349 4376 2536 4455 γένος
