3043 4973
1136 209 1218 280 N
1257 206 1326 279 5.
1409 204 1682 280 109211.
2364 202 2513 279 ⁵89

300 407 374 452 se
417 387 794 464 cohaerent,
835 393 910 450 ut
962 404 1099 450 non
1153 385 1404 470 possint
1445 385 1597 449 satis
1643 386 1799 469 apte
1835 379 2128 470 singulae
2172 380 2282 447 Ar.
2324 403 2515 470 argu«

299 492 723 556 mentationes
773 487 858 555 ad
910 487 1203 577 singulos
1251 486 1542 555 Platonis
1596 506 1847 553 errores
1896 486 2151 565 referri,
2206 485 2285 550 ef.
2332 485 2509 551 Alex.

302 592 384 659 ad
424 593 489 658 h.
523 593 566 658 L

1212 764 1441 843 CAP.
1505 766 1598 841 V.

435 913 616 1000 Ergo
677 932 865 998 quum
921 910 1164 978 bonum
1220 913 1289 975 in
1344 912 1673 997 principiis
1730 929 1864 974 non
1906 909 2119 996 possit
2161 927 2297 973 non
2338 909 2513 994 poni,

304 1015 667 1080 bisantem
713 1014 1059 1079 Platonicis
1114 1017 1183 1078 in
1237 1017 1567 1101 principiis
1623 1016 1681 1079 si
1733 1023 2017 1101 ponatur
2069 1009 2519 1075 absurdissima

305 1139 593 1205 quaeque
637 1116 997 1183 concedere
1043 1121 1357 1206 cogimur,
1399 1121 1541 1204 ipsa
1584 1120 1898 1203 principia
1942 1114 2108 1180 falso
2155 1113 2237 1178 ab
2278 1117 2356 1178 iis
2397 1136 2519 1202 po-

303 1225 423 1287 sita
469 1244 612 1288 esse
647 1230 933 1309 apparet,
966 1222 1121 1287 ⁴11⁰.
1198 1221 1292 1286 lta
1331 1219 1633 1286 conclusa
1669 1224 1963 1285 universa
1994 1220 2114 1284 hac
2141 1223 2517 1305 quaestione

306 1326 651 1413 Speusippi
696 1328 1102 1404 sententiam,
1159 1327 1267 1411 qui
1322 1324 1563 1390 bonum
1620 1345 1756 1390 non
1809 1327 1878 1389 in
1906 1324 2242 1410 principio
2288 1323 2405 1388 sed
2446 1327 2517 1387 in

305 1430 439 1495 fine
482 1432 917 1518 generationis
965 1429 1413 1506 collocaverat,
1456 1432 1678 1515 paucis
1723 1432 1949 1494 iterum
1983 1430 2194 1514 tangit
2222 1437 2286 1493 et
2314 1448 2517 1493 exem-

306 1534 501 1622 plum,
544 1555 673 1620 quo
718 1533 830 1598 ille
876 1544 1012 1599 erat
1053 1537 1246 1612 nisus,
1289 1533 1597 1613 confutat,
1638 1533 1734 1599 of.-
1760 1533 1819 1598 Θ
1846 1533 1908 1597 8.
1943 1533 2147 1597 lomb
2166 1533 2258 1595 -19
2288 1553 2421 1619 sqq.
2452 1541 2518 1596 et

307 1638 389 1703 ad
418 1640 494 1703 Λ
532 1639 828 1704 7.1072ᾸΙ
849 1639 959 1703 30.
1229 1664 1238 1673 “

442 1743 652 1806 loma
692 1743 774 1806 17
822 1735 1139 1806 ἄτοπον
1187 1778 1268 1795 --
1314 1742 1398 1806 21
1447 1737 1484 1805 ὁ
1532 1736 1814 1820 τόπος,
1864 1736 1992 1825 μή.
2082 1741 2260 1805 Haeo
2300 1739 2521 1826 dispw

308 1818 569 1911 tationis
603 1867 751 1932 pars
788 1865 1088 1931 quorsum
1121 1855 1370 1933 spectet
1398 1866 1534 1910 non
1565 1844 1891 1933 intellig03
1938 1866 2150 1931 neque
2179 1846 2342 1909 enim
2376 1866 2518 1908 cnm

309 1954 642 2036 superiore
685 1952 1062 2035 quaestione
1108 1952 1416 2037 coniungi
1460 1958 1699 2035 potest,
1740 1971 1950 2035 neque
1996 1949 2078 2014 ad
2110 1952 2392 2035 proxime
2420 1968 2523 2011 se·-

310 2063 606 2139 quentem
650 2053 832 2131 trahi,
879 2063 950 2118 ut
995 2052 1277 2119 dubitem
1323 2075 1406 2118 an
1441 2073 1580 2117 eam
1610 2073 1730 2138 per
1756 2074 2040 2118 errorem
2068 2051 2347 2130 aliunde,
2389 2050 2520 2114 for·

310 2168 477 2221 tasse
522 2179 599 2221 ex
632 2159 722 2222 M
741 2158 805 2223 8.
833 2160 896 2237 9,
940 2158 1068 2223 huc
1109 2157 1384 2223 delatam
1429 2178 1574 2222 esse
1616 2167 1852 2242 putem.
1898 2194 1983 2209 -
2025 2156 2160 2220 als
2203 2165 2365 2242 part.
2404 2154 2521 2217 καί

310 2260 721 2326 omittendam
780 2282 920 2326 esse
976 2273 1047 2328 ut
1103 2283 1178 2325 ex
1235 2264 1375 2348 ipsa
1427 2261 1773 2326 verborum
1818 2263 2134 2325 sententia
2178 2257 2519 2323 verisimile

311 2374 423 2443 est,
467 2369 557 2431 ita
602 2366 1053 2451 comprobatur
1096 2370 1627 2450 interpretatione
1675 2361 1853 2427 Alex.
1901 2387 1963 2449 p.
1996 2364 2144 2442 8⁰3,
2181 2365 2289 2428 20.

441 2559 526 2637 6)
577 2556 917 2635 Quomodo
950 2582 1034 2624 ex
1069 2559 1399 2628 elementia
1425 2559 1753 2645 progigni
1775 2556 2063 2644 putandi
2089 2565 2241 2623 sunt
2266 2557 2521 2624 numeri

309 2660 577 2743 ficales,
623 2662 835 2728 109212:
866 2663 1164 2730 21-b8.

440 2781 549 2845 Ex
596 2779 924 2847 elementis
970 2805 1160 2869 quum
1191 2783 1507 2848 Platonici
1551 2782 1695 2847 fieri
1740 2802 2037 2849 numeros
2075 2779 2317 2846 ideales
2350 2779 2522 2844 dice-

308 2893 469 2964 rent,
513 2888 814 2969 quoniam
858 2885 1260 2953 multifariam
1301 2887 1531 2953 dicitur
1568 2886 1837 2953 alterum
1868 2908 1953 2951 -ex
1990 2885 2196 2951 altero
2233 2883 2395 2961 fieri,
2438 2883 2521 2948 cf.

310 2988 391 3054 ad
427 2991 480 3056 A
509 2990 615 3068 24,
661 2989 1174 3078 distinguendum
1221 2992 1301 3056 ab
1343 2996 1423 3056 iis
1468 2992 1664 3057 fuisse
1703 3000 1923 3057 monet
1957 2994 2062 3055 Ar.
2110 2999 2270 3075 quot
2313 2986 2521 3053 mod'ae

312 3092 558 3160 dicatur
602 3092 872 3159 alterum
919 3117 992 3159 ex
1040 3095 1245 3162 altero
1289 3096 1433 3160 fieri
1478 3119 1555 3160 ac
1598 3094 2055 3171 definiendum,
2099 3114 2283 3179 quem
2317 3113 2395 3156 ex
2422 3092 2523 3155 his

311 3196 518 3261 modis
565 3195 645 3260 ad
687 3219 989 3262 numeros
1035 3198 1277 3263 ideales
1323 3209 1661 3263 censerent
1705 3197 2109 3263 referendum
2157 3218 2314 3261 esse.
2388 3198 2521 3260 Iam

310 3302 451 3386 ipse
495 3310 769 3385 quatuor
814 3304 933 3367 τοῦ
976 3306 1044 3366 ἔκ
1087 3325 1265 3377 τινος
1307 3303 1808 3390 significationes
1854 3303 2284 3388 persequitur,
2326 3297 2522 3384 μῖξιν,

312 3399 648 3482 σύνθεσιν,
693 3402 779 3480 ὡς
822 3402 892 3483 ἐξ
933 3402 1451 3491 ἐνυπαρχόντων,
1496 3404 1583 3482 ὡς
1621 3410 1689 3470 ἐκ
1727 3399 1820 3491 μὴ
1861 3398 2371 3491 ἐνυπαρχόντων·
2393 3406 2443 3466 i.»
2462 3423 2525 3466 e.

311 3504 382 3586 ἐξ
424 3509 756 3585 ἐναντίων,
799 3507 1172 3597 nullumque
1217 3531 1292 3574 ex
1337 3512 1413 3574 iis
1459 3521 1689 3596 aptum.
1724 3531 1864 3575 esse
1910 3509 1991 3574 ad
2039 3511 2523 3598 generationem

309 3619 709 3678 numerorem
756 3611 976 3689 docem
1029 3614 1144 3680 sed
1192 3634 1299 3678 eas
1344 3613 1849 3702 significationes
1891 3615 2014 3679 τοῦ
2057 3614 2125 3678 ἔκ
2166 3634 2345 3688 τινος
2387 3631 2523 3677 ιιοιι

311 3717 399 3779 ita
445 3713 793 3802 distinguit,
837 3727 909 3782 ut
952 3739 1069 3803 per
1111 3721 1311 3803 ipsam
1346 3717 1817 3784 distinctionem
1857 3739 2080 3784 omnes
2109 3716 2524 3806 significatio·-

312 3840 430 3884 nes
475 3839 617 3892 esse
662 3831 1059 3888 enumeratas
1104 3832 1431 3908 appareat.
2336 3863 2341 3870 ·

444 3926 781 3991 am-zs
823 3922 1066 4018 μιξις.
1135 3928 1242 3990 Ar.
1263 3924 1452 4010 μῖξιν
1489 3948 1635 3991 eam
1672 3873 1975 4013 appellat.
1990 3927 2523 4002 coniunctionem,

313 4047 431 4113 per
475 4049 660 4113 qnam
706 4051 782 4095 ex
827 4032 1159 4096 contrariis
1205 4033 1372 4096 inter
1414 4049 1483 4094 se
1528 4029 1883 4111 elementis,
1924 4034 2135 4097 activo
2171 4031 2391 4109 altero,
2432 4029 2524 4093 al-

314 4140 455 4195 tero
499 4135 788 4218 passivo,
848 4156 1086 4202 novum
1127 4132 1450 4221 quidpiam
1492 4134 1637 4215 fiat,
1694 4135 1788 4200 ab·
1832 4136 2159 4201 elementis
2204 4135 2521 4212 diversum

315 4233 673 4300 &sibimet
711 4240 921 4323 ipsum
965 4234 1366 4325 ὁμοιομερές,
1410 4238 1492 4302 cf.
1530 4238 1615 4304 de
1654 4261 1807 4327 gen.
1845 4250 1910 4306 et
1948 4260 2112 4305 corr.
2143 4241 2172 4305 1
2209 4242 2295 4305 10
2341 4237 2521 4316 etad

312 4339 384 4405 A
412 4341 475 4405 9.
507 4340 755 4408 98964.
815 4341 970 4408 ¹Hac
1007 4345 1307 4409 mistione
1352 4346 1693 4429 quominus
1732 4343 2039 4410 numeros
2077 4347 2374 4431 generari
2406 4363 2521 4430 pua
