3043 4973
519 247 656 322 134
1377 271 1427 317 α
1472 244 1546 318 2.
1621 243 1767 319 994
1786 244 1850 317 b.

514 421 798 488 formalis
844 441 1030 487 causa
1075 420 1454 487 infinitatem
1498 420 1789 486 admittit.
1864 420 2092 484 Potest
2135 416 2385 503 quidem
2421 416 2723 484 definitio

516 525 904 611 explicandis
950 525 1220 612 singulis
1266 529 1436 590 notis
1483 524 1564 594 ad
1611 524 1793 588 aliam
1828 522 2049 587 reduci
2088 532 2152 587 et
2186 521 2473 588 similiter
2506 543 2725 608 porm,

521 650 649 714 quo
697 632 763 693 in
813 650 1158 715 progressu
1201 632 1525 714 posterior
1569 648 1855 712 quaeque
1902 625 2224 704 definitio,
2282 629 2337 690 si
2396 647 2531 690 eam
2585 647 2725 689 cum

519 735 736 817 priore
794 723 1291 817 comparaverim
1352 730 1788 816 explicationis
1826 729 2049 793 forma
2109 739 2174 793 et
2222 728 2501 794 dictione
2545 738 2726 792 aucta

515 838 665 913 erit,
721 831 1168 913 πλεονάζοντα
1224 834 1316 915 τῷ
1373 829 1565 916 λόγῳ.
1656 833 1785 900 Sed
1835 842 1900 897 et
1945 835 2120 918 prior
2174 831 2465 896 definitio
2523 833 2725 918 magis

515 938 598 1001 ad
642 942 843 1022 ipsam
884 961 1017 1002 rem
1065 937 1493 1002 definiendam
1539 940 1816 1023 pertinet
1857 956 2041 1022 quam
2081 938 2419 1019 posterior,
2463 945 2529 998 et
2570 954 2726 999 vero

519 1043 698 1126 prior
743 1044 796 1104 si
841 1062 975 1106 non
1025 1051 1194 1106 esset
1239 1044 1333 1105 rei
1376 1040 1686 1116 definitio,
1730 1061 1853 1103 nec
1895 1041 2216 1123 posterior
2258 1047 2441 1102 esset.
2519 1036 2595 1101 cf.
2647 1036 2729 1100 de

517 1143 739 1207 eadem
773 1166 844 1208 re
878 1145 1059 1209 Anal.
1096 1168 1191 1230 pr.
1228 1145 1256 1207 1
1292 1146 1398 1208 22.
1465 1144 1574 1207 De
1611 1140 1940 1227 particulis
1976 1163 2043 1204 τε
2073 1179 2162 1191 ——
2196 1141 2266 1206 δέ
2297 1142 2443 1217 ΗΘ,
2484 1142 2568 1203 19
2604 1138 2728 1204 sibi

515 1247 1056 1331 respondentibus
1103 1247 1183 1310 cf.
1224 1248 1438 1311 Herm.
1483 1245 1567 1309 ad
1608 1248 1759 1333 vig.
1804 1268 1867 1330 p.
1910 1245 2061 1308 836.
2134 1245 2428 1329 Hartung
2469 1243 2635 1306 Part.
2679 1242 2727 1305 Ι.

517 1372 579 1435 p.
625 1352 768 1414 171.

651 1454 812 1516 99⁴1»
849 1454 938 1518 20
992 1453 1111 1515 ἔτι
1164 1449 1257 1516 τὸ
1313 1452 1836 1516 ἐπίστασθαι
1883 1485 1966 1500 --
2013 1449 2096 1514 27
2145 1445 2450 1534 ἀπείρῳ
2496 1443 2730 1513 εἶναι.

521 1553 625 1619 Cf.
659 1554 741 1618 ad
766 1558 942 1619 994oe
972 1557 1073 1619 19.
1142 1554 1526 1619 Infinitatem
1561 1574 1886 1619 causarum
1918 1555 2026 1637 qui
2057 1561 2356 1628 statuunt,
2397 1554 2440 1615 ii
2480 1569 2729 1616 omnem

519 1656 762 1721 tollunt
802 1657 1151 1734 scientiam3
1200 1661 1346 1721 sciri
1388 1660 1560 1724 enim
1605 1656 1762 1722 nihil
1808 1665 2043 1741 potest,
2089 1654 2297 1720 donec
2342 1654 2426 1718 ad
2472 1677 2544 1720 ea
2589 1675 2734 1740 per-

520 1762 805 1838 veneriS,
860 1783 1025 1846 quae
1082 1782 1217 1825 non
1270 1759 1538 1845 amplius
1585 1764 1670 1825 ita
1716 1757 2084 1826 dividuntur
2113 1767 2195 1823 et
2239 1757 2734 1845 distinguuntur,

521 1874 592 1927 ut
639 1885 858 1928 eorum
907 1866 1197 1950 cognitio
1244 1864 1326 1928 ad
1373 1863 1557 1927 aliam
1600 1862 1708 1927 vel
1745 1864 2180 1948 cognitionem
2212 1860 2318 1924 vel
2351 1879 2597 1925 causam
2633 1882 2735 1925 re-

524 1966 762 2029 feratur
796 2003 877 2018 --
908 1968 1037 2030 hoc
1082 1971 1248 2031 enim
1294 1967 1643 2054 significari
1686 1965 1940 2030 videtur
1981 1962 2195 2032 verbis
2238 1965 2395 2048 πρὶν
2436 1959 2480 2043 ἢ
2526 1969 2613 2040 εἰς
2650 1956 2735 2027 τά

522 2060 744 2149 ἄτομα
790 2070 1018 2135 ἐλθεῖν
1055 2072 1207 2134 ὸ21.
1296 2072 1463 2136 Huic
1514 2072 1746 2135 rationi
1793 2071 2037 2154 opponi
2080 2089 2215 2134 non
2260 2078 2476 2153 potest
2526 2067 2736 2134 lineae

527 2170 898 2255 exemplum,
944 2194 1105 2257 quae
1150 2172 1301 2237 licet
1343 2172 1634 2237 infinitae
1680 2170 1976 2238 divisioni
2020 2170 2229 2235 locum
2277 2170 2597 2257 praebeat,
2642 2174 2737 2235 ni·

523 2272 657 2336 hilo
707 2286 916 2338 tamen
960 2279 1168 2344 secius
1215 2289 1670 2363 cognosc-atum
1717 2274 1885 2342 linea
1933 2276 2099 2337 enim
2145 2295 2279 2340 non
2320 2267 2490 2339 narni
2525 2269 2737 2360 πρόσ-

527 2377 725 2442 θεσιν
770 2389 835 2442 et
879 2380 1202 2462 ἐνεργείᾳ,
1265 2378 1379 2443 sed
1434 2373 1607 2443 κατά
1662 2380 1980 2464 διαίρεσιν
2034 2388 2097 2441 et
2140 2373 2412 2462 δυνάμει
2457 2390 2554 2444 est
2595 2377 2739 2442 infi-

526 2481 676 2558 nita,
723 2502 844 2545 nec
880 2482 1436 2568 comprehenditur
1473 2494 1702 2560 mente,
1749 2495 2058 2568 quatenus
2101 2493 2377 2567 potest
2420 2485 2486 2549 in
2528 2481 2740 2547 infini-

526 2593 658 2647 tum
707 2584 921 2663 dividi,
967 2584 1081 2650 sed
1129 2592 1438 2671 quatenus
1485 2588 1676 2650 certis
1718 2586 1955 2653 finibus
2000 2607 2071 2650 re
2113 2604 2265 2651 vera
2314 2598 2436 2653 est
2479 2590 2739 2652 circum-

528 2688 780 2770 scripta,
824 2689 1065 2767 νοῆσαι
1108 2685 1168 2752 δ’
1209 2685 1326 2754 οὐκ
1371 2690 1509 2757 ἔστι
1550 2682 1644 2773 μὴ
1689 2684 2114 2769 στήσαντα
2148 2691 2296 2755 ὒ24.
2372 2689 2590 2773 Quare
2627 2692 2739 2774 qui

531 2792 869 2875 cognoscit
906 2786 1033 2870 τὴν
1077 2784 1349 2876 ἄπειρον
1395 2791 1654 2870 lineam,
1699 2795 1738 2857 i.
1778 2813 1831 2856 e.
1876 2786 1996 2871 τὴν
2042 2789 2140 2855 ὲπῗ
2179 2786 2450 2877 ἄπειρον
2494 2792 2740 2879 διαιρε-

528 2887 648 2971 τήν
682 2893 900 2971 (Alex.
931 2917 994 2979 p.
1024 2896 1173 2972 122,
1202 2896 1337 2974 14),
1377 2897 1431 2959 is
1467 2917 1603 2959 non
1640 2895 1900 2959 inducet
1933 2897 2203 2961 animum
2239 2895 2536 2973 infinitas,
2575 2916 2740 2979 quae

528 3015 626 3078 po
633 3009 878 3083 §sunt
912 2997 1070 3074 fieri,
1115 2996 1459 3063 divisiones
1496 2998 1913 3063 dinumerare.
1943 3035 2024 3049 -·
2061 2999 2352 3067 Proxima
2381 2998 2573 3062 verba
2607 2999 2740 3065 ⁶25

528 3093 702 3161 ἀλλά
745 3100 858 3164 καὶ
900 3136 989 3149 -·
1033 3102 1117 3166 27
1166 3097 1415 3187 ἀπείρῳ
1460 3096 1627 3169 εἶναι
1671 3102 1821 3187 quid
1866 3102 2244 3189 significent,
2296 3121 2428 3165 non
2474 3120 2742 3189 possum

529 3204 653 3265 nisi
699 3202 968 3267 obscura
1017 3203 1285 3288 quadam
1332 3202 1730 3273 divinatione
1784 3208 2053 3290 assequi.
2143 3205 2341 3273 Sicuti
2385 3204 2550 3271 linea
2600 3205 2745 3271 infl-

527 3411 596 3470 in
642 3412 901 3471 materia
949 3413 1229 3477 cernitur
1271 3411 1569 3489 infinitas,
1624 3433 1789 3495 quae
1834 3420 2050 3497 potest
2090 3410 2371 3477 infinitas
2415 3414 2480 3477 in
2527 3432 2597 3477 se
2641 3432 2742 3475 re-

530 3514 744 3595 cipere
805 3511 1161 3595 qualitates,
1249 3513 1383 3581 Sed
1439 3517 1712 3600 cogitari
1772 3536 1906 3578 eam
1966 3500 2215 3601 semper
2271 3524 2531 3600 oportet
2587 3524 2743 3579 tam-

531 3636 713 3698 quam
774 3635 935 3698 quae
993 3617 1143 3679 insit
1199 3619 1305 3679 uni
1365 3616 1616 3681 cuidam
1672 3638 1745 3701 ex
1801 3620 1880 3681 iis
1935 3617 2156 3695 rebus,
2214 3639 2374 3703 quae
2426 3626 2606 3685 motu
2666 3637 2743 3683 ac

528 3720 879 3783 mutatione
926 3739 1001 3781 ex
1049 3739 1126 3781 ee
1169 3729 1617 3804 procreantur,
1672 3711 1795 3798 τὴν
1843 3715 2003 3796 ὕλην
2047 3724 2117 3784 ἐν
2159 3724 2514 3804 κινουμένῳ
2558 3728 2742 3787 νοεῖν

531 3817 805 3903 ἀνάγκη.
898 3822 1181 3887 Omnino
1230 3824 1411 3887 notio
1459 3821 1805 3898 infinitatiS,
1848 3816 1926 3891 τὸ
1973 3820 2220 3907 ἀπείρῳ
2263 3818 2447 3900 εἶναι,
2501 3822 2740 3889 nullius

529 3925 627 3985 rei
666 3934 952 3989 naturam
1000 3935 1064 3991 et
1106 3924 1515 3993 substantiam
1565 3928 1869 4000 continet,
1915 3926 1993 3991 cf.
2026 3926 2344 4011 Physlll
2385 3927 2610 4000 4-83
2660 3934 2741 4002 et,

530 4029 587 4089 si
631 4030 1013 4105 contineret,
1070 4030 1208 4113 ipsa
1262 4038 1473 4095 tamen
1516 4033 1700 4093 notio
1745 4028 2105 4107 infinitatis,
2161 4022 2240 4095 τὸ
2284 4026 2530 4114 ἀπείρῳ
2575 4025 2742 4095 εἶναι

529 4129 673 4205 ῠ27,
717 4132 864 4212 quia
908 4133 1091 4195 notio
1139 4140 1251 4209 est,
1295 4153 1430 4196 non
1474 4134 1598 4199 erit
1642 4131 1906 4197 infinita.

662 4233 822 4295 994⁶
847 4233 933 4297 27
971 4227 1183 4302 ἀλλά
1216 4227 1373 4316 μὴν
1402 4271 1486 4281 -
1518 4237 1602 4298 31
1644 4232 2128 4312 διεξελθεῖν.
2194 4234 2296 4300 Cf.
2329 4233 2407 4298 ad
2439 4235 2739 4299 9941119.

535 4368 618 4389 ν-
664 4329 848 4401 τότε
894 4328 1046 4422 γὰρ
1092 4336 1406 4403 εἰδέναι
1448 4338 1584 4403 κτλ.
1654 4335 1757 4403 Cf.
1797 4334 1879 4401 ad
1919 4339 1992 4409 A
2033 4340 2090 4405 l.
2134 4340 2301 4407 Qssssa
2335 4340 2445 4407 22.
