3043 4973
1103 225 1178 292 Z
1230 221 1338 295 13.
1425 221 1692 296 10386.
2357 221 2503 296 347

291 395 474 462 ideas
518 395 683 475 dico,
737 397 897 463 illud
940 400 1283 484 praecipue
1328 398 1759 483 quaerendum
1809 409 1928 477 est,
1973 419 2212 462 verene
2258 401 2505 464 univer-

293 500 429 566 sale
487 502 878 567 substantiae
933 503 1164 567 habeat
1224 502 1611 590 dignitatem.
1704 504 1857 567 Non
1917 524 2058 567 esse
2117 512 2321 566 autem
2369 506 2503 567 uni-

293 605 547 671 versale
605 606 1016 672 substantiam
1076 604 1506 693 compluribus
1567 605 1872 691 deinceps
1928 605 2286 674 rationibus
2339 628 2507 674 com-

293 710 554 795 probat,
613 729 775 796 quae
833 734 1023 796 quum
1084 733 1304 776 omnes
1357 709 1661 794 deinceps
1708 720 2110 776 enumeratae
2156 713 2282 776 sint
2327 714 2505 796 quasi

294 813 587 901 singulae
643 836 759 899 per
815 837 885 878 se
943 820 1068 879 vim
1126 815 1402 878 habeant
1458 812 1962 889 demonstrandi,
2023 816 2250 899 partim
2295 823 2505 877 tamen

297 938 375 980 ex
422 916 560 982 aliis
606 916 850 983 demum
897 920 1062 984 hanc
1107 916 1534 982 concludendi
1580 920 1705 980 vim
1752 916 2128 981 adsciscunt.

434 1025 517 1101 a)
557 1024 924 1089 blo—15:
973 1021 1409 1088 Proficiscitur
1444 1020 1524 1084 ab
1565 1042 1639 1084 ea
1675 1019 2063 1085 substantiae
2100 1021 2388 1097 notione,
2434 1042 2508 1084 ex

297 1146 423 1210 qua
460 1124 809 1191 substantia
849 1136 945 1191 est
987 1119 1063 1191 τὸ
1111 1127 1174 1190 τί
1218 1115 1302 1204 ἦν
1338 1120 1523 1190 εἶναι.
1594 1126 1736 1188 Hoc
1776 1127 1941 1188 enim
1983 1124 2330 1211 significari
2367 1145 2506 1188 voc.

293 1223 521 1313 πρώτη
557 1225 770 1306 οὐσία,
807 1233 1221 1316 cognoscitur
1256 1228 1403 1294 coll.
1434 1230 1584 1306 1217,
1617 1230 1702 1292 14
1735 1238 1800 1291 et
1828 1226 1908 1291 ad
1943 1230 2001 1292 7.
2035 1230 2235 1292 1032⁶
2262 1231 2320 1292 1.
2377 1229 2509 1293 Iam

294 1353 456 1396 vero
500 1331 849 1397 substantia
894 1335 1018 1400 hoc
1055 1354 1247 1398 sensu
1283 1331 1622 1419 peculiaris
1656 1342 1749 1396 est
1781 1334 1981 1410 circi,
2026 1335 2203 1396 cuius
2238 1343 2335 1396 est
2365 1332 2512 1397 sub·

297 1437 558 1511 stantia3
603 1436 963 1502 universale
1007 1458 1165 1502 vero
1212 1458 1349 1503 eam
1393 1436 1589 1501 habet
1633 1445 1935 1513 naturam,
1981 1444 2051 1499 ut
2096 1435 2177 1499 de
2219 1435 2510 1521 pluribus

296 1542 541 1625 pariter
585 1539 989 1624 praedicetur
1034 1542 1152 1623 (cf.
1202 1542 1318 1605 An.
1364 1552 1532 1627 post.
1578 1540 1609 1608 I
1651 1542 1711 1603 4.
1758 1540 1872 1604 73b
1910 1541 2014 1603 26.
2084 1538 2164 1603 de
2204 1551 2362 1626 part.
2406 1560 2509 1602 an.

293 1641 330 1706 I
363 1644 423 1706 4.
465 1645 631 1707 6440:
663 1646 820 1722 27);
871 1666 1029 1732 ergo
1078 1648 1506 1729 consequitur,
1550 1652 1621 1708 ut
1667 1641 2025 1709 universale
2069 1664 2204 1706 non
2247 1646 2331 1706 sit
2367 1641 2511 1707 sub-

297 1750 548 1824 stantia,
593 1750 713 1811 nisi
758 1749 928 1812 forte
974 1760 1252 1814 statuere
1292 1746 1604 1828 yolumus,
1646 1745 1829 1834 plura
1866 1749 2136 1812 notione
2176 1767 2250 1810 ac
2286 1755 2512 1810 natura

297 1854 470 1918 inter
504 1873 572 1915 se
611 1850 859 1915 diversa
898 1852 1098 1916 nihilo
1139 1855 1344 1916 minus
1384 1873 1525 1916 esse
1564 1873 1775 1917 unum.
1845 1852 2037 1930 (11142
2085 1839 2175 1914 ὧν
2219 1842 2347 1935 γὰρ
2391 1850 2514 1933 μία

300 1952 344 2034 ἡ
396 1951 589 2019 οὐσία
633 1956 747 2019 καὶ
793 1948 867 2019 τὸ
913 1956 978 2019 τί
1021 1946 1105 2035 ἦν
1151 1953 1316 2020 εἶναι
1362 1960 1459 2032 ἓν,
1514 1957 1627 2019 καὶ
1684 1948 1857 2020 αὐτὰ
1908 1960 1994 2019 ἕν.
2086 1952 2353 2019 Comma
2399 1974 2515 2039 po·

297 2057 579 2123 nendum
639 2070 736 2122 est
790 2067 939 2144 post
996 2064 1093 2138 ἕν,
1151 2080 1288 2123 non
1347 2081 1484 2124 cum
1547 2058 1781 2126 Brand.
1829 2058 2034 2126 Bekk.
2091 2067 2243 2143 post
2299 2054 2512 2121 οὐσία.

297 2165 449 2227 Hoc
494 2166 658 2228 enim
706 2162 1143 2228 demonstrare
1189 2162 1418 2242 studet,
1459 2162 1676 2249 plures
1722 2183 1825 2226 res
1864 2161 2006 2225 fore
2037 2183 2246 2237 unum,
2291 2164 2345 2224 si
2376 2162 2515 2247 quis

300 2265 664 2333 universale
708 2267 1119 2332 substantiam
1168 2289 1306 2331 esse
1353 2276 1580 2352 ponat3
1630 2275 1819 2352 atque
1854 2259 1929 2330 τὸ
1966 2267 2030 2328 τί
2073 2255 2158 2343 ἦν
2203 2259 2370 2330 εἶναι
2416 2285 2516 2328 ex-

298 2370 584 2459 plicandi
632 2392 819 2435 causa
867 2371 947 2436 ad
993 2368 1188 2437 οὐσία
1236 2372 1655 2456 appositionis
1701 2368 1849 2434 loco
1898 2368 2179 2432 additum
2227 2371 2383 2450 est.)

438 2475 517 2556 b)
563 2477 709 2554 1515,
757 2477 861 2541 16.
950 2474 1315 2541 Substantia
1376 2485 1474 2538 est
1516 2467 1592 2537 τὸ
1639 2469 2065 2556 ὑποκείμενον
2108 2472 2398 2554 πρῶτον,
2454 2471 2516 2534 3.

305 2581 518 2646 1029α
566 2582 635 2657 1,
693 2583 829 2644 sive
883 2573 962 2643 τὸ
1018 2573 1111 2661 μὴ
1169 2575 1336 2643 καθ’
1384 2575 1809 2660 ὑποκειμένου
1861 2568 2031 2639 ἀλλὰ
2089 2570 2257 2639 καθ’
2297 2564 2378 2639 οὗ
2435 2566 2521 2638 τοὶ

302 2676 510 2759 ἄλλα,
570 2685 779 2749 1029a
821 2685 893 2762 8,
940 2683 1018 2747 cf.
1067 2681 1149 2745 ad
1193 2682 1256 2745 h.
1302 2679 1373 2757 l.‚
1418 2677 1782 2745 universale
1824 2700 1981 2743 vero
2028 2680 2387 2741 necessario
2437 2676 2519 2740 de

302 2787 596 2852 subiecto
645 2786 859 2872 aliquo
908 2785 1326 2872 praedicatur,
1369 2779 1536 2848 καθ’
1575 2779 2028 2867 ὑποκειμένους
2077 2802 2233 2868 ergo
2269 2783 2522 2845 univer-

304 2890 442 2955 sale
487 2912 620 2954 non
670 2901 765 2955 est
809 2890 1179 2955 substantia.

439 3002 516 3075 c)
554 2996 1007 3059 blo—1039a
1032 2996 1093 3058 2.
1163 2995 1451 3057 Proxima
1489 2994 1609 3055 tria
1646 2999 2034 3077 argumenta,
2067 3025 2148 3036 —
2173 2990 2278 3066 23,
2309 3026 2388 3039 —-
2415 2990 2519 3068 29,

308 3134 393 3151 —-
421 3101 523 3176 30,
571 3109 640 3162 ut
682 3100 907 3162 iustam
945 3098 1221 3163 babeant
1259 3093 1735 3161 demonstrandi
1778 3096 1918 3169 vim,
1963 3096 2028 3156 in
2073 3113 2265 3156 unum
2306 3092 2523 3157 viden-

308 3213 414 3268 tur
458 3201 905 3289 coniungenda
955 3223 1112 3267 esse.
1202 3203 1458 3266 Initium
1512 3208 1720 3261 autem
1769 3197 2336 3281 argumentationis
2383 3218 2523 3280 per-

306 3306 558 3393 plexius
605 3317 731 3381 est;
778 3305 1033 3369 videtur
1081 3309 1243 3371 enim
1293 3303 1419 3380 Ar„
1465 3306 1519 3366 si
1565 3310 1736 3365 recte
1782 3300 1940 3363 haec
1982 3298 2176 3371 verba
2210 3296 2523 3385 intelligo

306 3411 616 3475 inchoare
657 3413 1203 3474 ratiocinationem
1251 3430 1326 3471 ac
1367 3410 1576 3471 statim
1623 3414 1694 3469 ut
1729 3424 1867 3467 non
1894 3405 2044 3466 satis
2078 3412 2312 3466 certam
2345 3405 2526 3467 omit-

309 3524 467 3578 tere.
543 3515 895 3592 PosuimuS,
942 3516 1043 3592 ait,
1089 3515 1168 3577 ab
1214 3514 1397 3577 initio
1444 3508 1854 3575 substantiam
1904 3527 2044 3571 esse
2088 3508 2293 3592 ipsum
2339 3500 2415 3571 τὸ
2464 3508 2527 3572 τί

308 3608 395 3698 ἦν
457 3615 622 3684 εἶναι
679 3631 743 3684 et
800 3641 876 3683 ex
937 3639 1016 3682 eo
1076 3614 1436 3682 universale
1493 3634 1629 3677 non
1685 3632 1881 3698 posse
1927 3632 2067 3675 esse
2112 3610 2526 3677 substantiam

312 3720 721 3809 collegimus3
780 3725 901 3785 iam
953 3741 1267 3807 ponamus
1312 3716 1675 3782 universale
1721 3720 1930 3780 inesse
1977 3718 2041 3778 in
2086 3717 2178 3797 τῷ
2221 3736 2368 3793 τηε,
2422 3737 2529 3779 ve-

311 3824 433 3891 luti
477 3825 708 3891 animal
753 3829 963 3890 inesse
1001 3828 1065 3890 in
1106 3823 1457 3888 substantia
1495 3823 1786 3886 hominis.
1857 3819 2052 3903 Atqui
2088 3817 2375 3883 animalis
2416 3822 2530 3883 ite-

312 3951 451 3994 rum
499 3938 597 3994 est
642 3929 955 4007 definitio,
999 3933 1067 3993 in
1110 3949 1231 4013 qua
1275 3948 1436 4011 quae
1476 3929 1901 4001 continentur,
1949 3943 2023 3986 ea
2061 3932 2373 4005 tamquam
2412 3946 2532 3986 κα·-

313 4019 537 4097 θόλου
588 4028 970 4118 ὑπάρχοντα
1027 4036 1239 4099 inesse
1295 4034 1442 4096 item
1504 4027 1838 4114 oportebit
1894 4029 1960 4089 in
2004 4025 2354 4099 substantia
2401 4029 2533 4106 ani-

315 4136 525 4214 malis,
588 4150 652 4200 et
695 4140 790 4201 sic
828 4158 1053 4222 poi-rm
1116 4135 1445 4221 oportebit
1494 4136 1714 4221 igitur,
1772 4132 1896 4197 hoc
1938 4135 1991 4195 si
2040 4134 2180 4216 quis
2225 4133 2532 4208 statuerit,

313 4244 384 4306 in
440 4239 756 4306 infinitum
815 4241 994 4305 abiri.
1087 4239 1311 4304 Talem
1365 4237 1501 4302 fere
1561 4239 2169 4325 argumentationem
2224 4234 2532 4298 Aristote-

314 4345 442 4413 lem
501 4347 793 4432 suspicor
847 4348 917 4413 in
972 4353 1185 4411 mente
1229 4342 1557 4422 habuisse,
1612 4342 1727 4410 sed
1774 4344 2085 4419 omisisse,
2145 4339 2292 4425 quia
2338 4335 2529 4437 qbiici
