3043 4973
1175 176 1255 247 A
1311 172 1373 245 1.
1457 173 1726 248 mssa.
2403 174 2542 249 471
2653 132 2658 141 ’

489 347 677 434 Quae
718 350 787 412 in
828 347 950 412 hae
985 358 1165 435 parte
1203 347 1652 435 disputationis
1690 351 1973 436 exposita
2014 362 2178 429 sunt,
2224 373 2299 416 ea
2335 356 2552 419 omnis

355 450 795 539 superioribus
838 456 959 517 iam
1001 455 1067 517 in
1110 450 1288 517 libris
1333 452 1666 540 leguntur,
1722 474 1913 539 quos,
1964 456 2022 521 si
2062 464 2192 519 tam
2235 458 2358 541 iam
2404 456 2552 522 fuis-

355 566 502 621 sent
543 559 772 642 scripti,
817 557 1048 642 respici
1094 554 1177 619 ab
1211 556 1318 620 Ar.
1365 565 1862 622 consentaneum
1907 567 2060 636 erat,
2105 559 2182 624 ef.
2215 561 2277 623 Z
2302 562 2361 624 1.
2392 561 2455 624 2.
2487 562 2548 625 4.

358 661 570 725 mssa
600 662 709 725 25.
765 658 833 723 Γ
866 661 926 724 1.
1226 644 1242 651 ”

495 848 580 930 2)
647 848 1175 917 Substantimm
1233 872 1487 936 genera
1546 854 1682 918 tn‘a
1744 853 2270 940 distinguuntur,
2340 855 2551 921 lofisa

358 955 658 1021 30—122.

489 1075 989 1141 substantiarum
1025 1077 1291 1161 primum
1332 1074 1463 1140 duo
1501 1074 1835 1164 distinguit
1865 1098 2124 1165 genera,
2163 1098 2431 1163 quorum
2467 1076 2555 1140 al-

361 1190 577 1256 terum,
621 1181 935 1244 communi
981 1181 1259 1243 omnium
1304 1196 1621 1247 consensu
1666 1180 2163 1267 comprohatum,
2208 1202 2311 1246 res
2358 1182 2556 1246 sensi-

361 1283 525 1348 biles
557 1286 896 1360 contineat‚
942 1280 1224 1361 alterum,
1269 1280 1442 1368 quod
1489 1293 1555 1347 et
1597 1305 1745 1347 num
1790 1288 1873 1349 sit
1915 1296 1982 1351 et
2026 1283 2213 1372 quale
2255 1287 2338 1349 sit
2377 1283 2556 1349 dubi-

363 1397 557 1466 tatur,
614 1386 1023 1452 substantiam
1074 1384 1461 1453 immobilem
1519 1397 1586 1450 et
1641 1386 1933 1453 sensibus
1993 1399 2313 1453 exemtam.
2411 1388 2557 1470 (De

364 1487 619 1566 οὐσίαις
646 1486 1202 1577 ὁμολογουμέναις
1231 1489 1308 1554 cf.
1340 1488 1422 1554 ad
1451 1491 1504 1555 A
1535 1490 1595 1555 8.
1630 1492 1832 1557 10171»
1860 1493 1962 1556 10.
2007 1492 2097 1555 Η
2122 1495 2180 1557 1.
2215 1492 2426 1557 10420
2454 1494 2554 1572 7.)

363 1592 449 1658 Et
491 1590 652 1659 illud
697 1591 946 1679 quidem
990 1612 1195 1682 genus
1237 1597 1304 1659 in
1348 1592 1507 1661 duas
1551 1593 1884 1683 distingunt
1925 1597 2199 1682 speeies,
2245 1593 2557 1681 siquidem

365 1696 749 1763 sensibilium
793 1719 998 1761 rerum
1045 1719 1160 1762 eae
1205 1719 1365 1784 quae
1409 1708 1559 1763 sunt
1601 1707 1932 1764 terrestres
1980 1709 2324 1764 naseuntur
2362 1708 2427 1763 et
2445 1700 2559 1783 ,in-

366 1810 636 1880 meunt,
682 1798 982 1865 coelestia
1028 1812 1237 1867 autem
1280 1823 1557 1889 corpora
1602 1811 1864 1867 aeterna
1906 1813 2069 1881 sunt,
2114 1803 2194 1867 cf.
2239 1801 2321 1867 ad
2352 1802 2407 1867 A
2439 1800 2481 1866 1.
2515 1799 2557 1865 l.

370 1914 436 1971 et
477 1903 559 1969 ad
587 1905 658 1969 A
686 1907 748 1969 9.
783 1907 944 1973 990⁶
968 1907 1030 1970 8.
1123 1907 1227 1971 De
1271 1905 1578 1972 immobili
1623 1916 1830 1971 autem
1874 1906 2224 1972 substantia
2269 1927 2424 1992 quas
2470 1903 2561 1969 di.

369 2011 634 2096 stinguit
688 2007 968 2075 diversas
1024 2014 1399 2089 sententias,
1456 2032 1562 2075 eas
1620 2031 1840 2075 omnes
1885 2009 2357 2075 Platonicorum
2405 2028 2562 2086 esse,

370 2135 489 2178 nec
524 2122 873 2199 postremas
909 2113 1065 2179 duas
1095 2115 1648 2204 Pythagoreorum
1691 2118 1894 2200 (quae
1927 2112 2267 2180 Alexandri
2299 2122 2398 2179 est
2425 2115 2563 2198 opi-

368 2221 497 2297 nin,
541 2242 606 2304 p.
632 2219 780 2297 644,
811 2219 909 2296 4),
955 2229 1019 2283 et
1060 2230 1327 2306 propter
1367 2223 1575 2307 ipsum
1615 2239 1755 2284 voe.
1786 2218 2184 2283 Platonicum
2229 2216 2366 2296 εἴδη
2412 2237 2563 2281 oon—

369 2333 738 2387 sentaneum
784 2333 908 2401 est,
955 2334 1018 2387 et
1062 2323 1474 2389 confirmatur
1515 2322 1666 2388 coll.
1704 2324 1766 2386 Z
1788 2324 1851 2387 2.
1886 2323 2088 2388 10280
2112 2322 2201 2388 24
2230 2343 2324 2407 sq.
2379 2321 2468 2387 M
2497 2322 2560 2386 9.

368 2428 580 2495 loson
603 2428 646 2491 2
682 2448 817 2513 sqq.
893 2425 1240 2492 Sensibiles
1278 2426 1657 2493 substantias
1694 2424 2020 2515 indagare,
2062 2426 2360 2513 quoniam
2400 2446 2563 2512 quae

366 2541 519 2596 sunt
542 2589 548 2595 .
572 2530 892 2595 sensibilia
952 2529 1170 2595 eadem
1196 2541 1370 2596 -sunt
1411 2531 1672 2596 mobilia
1720 2531 1840 2611 (ef.
1885 2529 1968 2594 ad
2005 2531 2077 2595 E
2113 2532 2171 2594 1.
2219 2530 2429 2595 1026a
2461 2532 2563 2607 3),

370 2635 677 2721 physicae
723 2643 819 2699 est
862 2634 1262 2719 disciplinae,
1310 2636 1387 2699 cf.
1417 2637 1490 2717 Ε
1516 2639 1579 2701 1.
1620 2636 1827 2699 102&
1854 2635 1960 2699 12.
2012 2633 2083 2697 K
2117 2635 2174 2697 7.
2211 2634 2424 2698 1064·
2447 2633 2561 2707 15;

370 2737 755 2803 immobilem
791 2736 1197 2803 substantiam
1237 2748 1652 2826 cognoscere,
1693 2736 1855 2803 alius
1894 2747 1991 2802 est
2021 2738 2429 2823 quaestioniS,
2471 2738 2565 2799 ni-
2647 2797 2652 2806 ,
2749 2785 2776 2802 ,

370 2845 591 2907 mirum
645 2844 885 2928 primae
934 2841 1380 2929 philosophiae
1423 2842 1544 2926 (ef.
1588 2844 1664 2922 E,
1705 2843 1792 2921 K,
1834 2841 1880 2906 1.
1914 2840 2028 2924 l.);
2083 2844 2150 2905 in
2197 2859 2270 2905 ea
2312 2842 2565 2927 potissi·

370 2970 537 3029 mum
582 2968 653 3011 se
696 2968 867 3011 nune
910 2955 1329 3025 versaturum,
1381 2970 1754 3034 quamquam
1798 2969 1933 3012 non
1977 2945 2211 3011 diserte
2257 2944 2437 3023 dicit,
2483 2965 2562 3009 eo

371 3063 581 3117 tamen
627 3050 959 3139 significat,
1002 3049 1178 3137 quod
1223 3051 1305 3116 de
1348 3050 1539 3116 rebus
1583 3051 1986 3117 sensibilibus
2028 3048 2309 3116 breviter
2352 3046 2564 3125 modo,

372 3166 683 3241 tamquam
727 3159 1042 3240 prooemii
1084 3154 1255 3232 loco,
1297 3153 1568 3220 disserit.
2445 3195 2454 3206 -

507 3260 717 3323 1069α
738 3260 832 3323 30
873 3255 1156 3323 οὐσίαι
1194 3293 1274 3310 ·-
1315 3260 1404 3323 33
1445 3253 1731 3323 πολλά,
1798 3258 1985 3342 Quae
2027 3252 2230 3342 vulgo
2277 3254 2568 3322 exhiben-

376 3370 505 3440 tur,
548 3383 943 3450 magnopere
986 3361 1285 3427 videntur
1328 3360 1669 3447 depravata
1714 3381 1853 3425 esse
1896 3381 2014 3447 per
2057 3380 2336 3424 errorem
2377 3357 2568 3424 libra-
2706 3391 2716 3401 ·

377 3469 646 3542 riorum;
687 3487 899 3552 neque
943 3469 1107 3530 enim
1152 3466 1303 3531 ferri
1346 3475 1620 3552 possunt
1656 3467 1881 3529 iterata
1911 3464 2071 3527 haee
2097 3464 2320 3528 verba:
2361 3459 2406 3542 ἡ
2448 3463 2568 3544 μὲν

376 3566 588 3647 ἀΐδιος
629 3607 719 3620 —-
761 3567 804 3649 ἡ
861 3569 931 3635 δὲ
988 3566 1227 3648 ἀΐδιος,
1284 3591 1491 3656 neque
1547 3592 1651 3633 vv.
1698 3561 1780 3648 ἢν
1835 3562 2075 3643 πάντες
2131 3563 2569 3649 ὁμολογοῦσιν

377 3677 588 3761 posita
633 3695 777 3739 esse
825 3683 1096 3760 possunt
1137 3683 1291 3760 post
1330 3669 1645 3762 φθαρτή,
1701 3675 1996 3758 quoniam
2051 3669 2163 3736 ille
2220 3689 2567 3734 consensus

378 3778 460 3843 ad
504 3789 836 3865 utrumque
872 3781 1152 3864 pertinet
1186 3800 1392 3843 rerum
1426 3776 1822 3843 sensibilium
1858 3793 2080 3864 genus,
2121 3773 2201 3840 ei.
2233 3773 2302 3850 A,
2330 3773 2430 3849 H,
2458 3771 2502 3837 l.
2523 3771 2565 3837 1.

378 3883 728 3969 Propterea
771 3881 1176 3958 scribendum
1218 3884 1390 3948 suasi
1418 3881 1582 3947 Obs.
1624 3903 1689 3966 p.
1722 3880 1856 3945 1⁰4
1895 3889 2150 3944 secutus
2178 3876 2355 3944 Alex.
2401 3897 2571 3942 com·

382 3990 779 4052 mentarium:
838 3984 1059 4054 οὐσίαι
1111 3987 1181 4051 δὲ
1235 3996 1432 4072 τρεῖς,
1489 3986 1613 4069 ma
1663 3986 1782 4067 μὲν
1824 3978 2151 4063 αἰσθητή,
2205 3976 2291 4062 ἢν
2332 3977 2572 4056 πάντες

385 4085 840 4173 ὁμολογοῦσιν,
881 4081 962 4171 ἧς
1004 4088 1049 4171 ἦ
1093 4092 1212 4175 μὲν
1255 4084 1559 4179 φθαρτή,
1602 4083 1748 4154 οἷον
1791 4083 1876 4153 τὰ
1919 4081 2096 4179 φυτὰ
2138 4088 2251 4152 καὶ
2293 4079 2378 4150 τὰ
2420 4085 2572 4167 ζῷα,

385 4188 428 4270 ἡ
474 4189 533 4257 δ’
573 4190 813 4273 ἀΐδιος,
853 4185 935 4274 ἧς
979 4189 1232 4279 ἀνάγκη
1277 4196 1430 4273 πλη,
1478 4214 1642 4280 quae
1688 4195 2050 4258 coniectura
2095 4194 2282 4256 etiam
2326 4189 2575 4254 Themi->

388 4298 494 4361 stii
536 4299 899 4384 paraphrasi
941 4298 1194 4367 videtur
1237 4296 1683 4378 commendari,
1726 4308 2026 4388 quantum
2071 4317 2147 4362 ex
2175 4294 2402 4361 Latina
2441 4293 2574 4358 eius
