3043 4973
2413 210 2512 286 29

306 388 486 465 ratio,
531 406 671 451 non
713 389 911 476 ungis
948 390 1267 454 inveneris
1302 387 1663 454 indicatum.
1733 391 1910 454 Haec
1945 387 2196 475 aliaque
2230 388 2513 456 eiusdem

305 491 477 555 modi
537 489 725 577 plura
783 492 923 557 iure
980 492 1393 570 desiderabit,
1450 496 1559 579 qui
1614 494 1967 560 universam
2014 492 2377 559 Aristotefis
2431 492 2514 559 dc

306 598 504 680 prima
560 592 972 681 philosophia
1026 596 1379 661 doctrinam
1424 599 1764 683 concipere
1809 600 2019 663 animo
2067 607 2134 661 et
2176 596 2513 683 complecti

307 700 674 782 susceperit.
744 699 873 763 Iam
913 699 1310 764 intercidisse
1345 700 1653 785 quosdam
1689 699 2278 786 Metaphysicorum
2316 700 2515 765 libros

309 802 612 887 temporis
642 802 888 881 iniuria,
923 825 1294 889 quamquam
1324 824 1456 868 non
1487 824 1752 889 prorsus
1789 814 1885 868 est
1912 803 2304 881 incredibile,
2333 802 2513 868 nullo

310 915 516 968 tamen
553 906 708 969 satis
739 915 915 971 certo
950 905 1337 972 documento
1375 906 1798 973 confirmatur.
1869 906 2227 993 Aliquo‘ties
2264 906 2517 993 quidem

311 1006 691 1073 Aristoteles
721 1030 841 1095 per
873 1009 1074 1075 libros
1110 1010 1588 1096 metaphysicos
1627 1033 1697 1076 se
1737 1014 2167 1097 expositurum
2209 1009 2516 1095 quaedam

309 1111 671 1198 pollicetur,
716 1134 878 1196 quae
912 1113 1140 1179 frustra
1173 1115 1270 1178 his
1300 1113 1523 1179 aliisve
1553 1116 1622 1179 in
1653 1113 1836 1179 libris
1865 1113 2285 1182 Aristotelicis
2330 1133 2520 1199 quae-

311 1237 428 1294 ηε,
473 1215 552 1281 cf.
588 1215 669 1280 ad
702 1217 761 1280 Z
791 1218 893 1282 13.
929 1219 1137 1282 1039a
1171 1219 1278 1282 22.
1325 1220 1413 1282 M
1433 1218 1497 1281 3.
1533 1219 1735 1284 1078b
1758 1221 1830 1294 5;
1875 1216 1992 1282 sed
2034 1217 2208 1303 quod
2256 1239 2326 1282 se
2367 1237 2519 1303 pro-

311 1321 501 1383 mittit
548 1322 1006 1404 expositurum,
1063 1320 1217 1384 inde
1272 1321 1556 1385 noudum
1601 1321 1941 1387 conficitur
1983 1331 2055 1387 ut
2099 1343 2172 1385 re
2217 1342 2370 1385 vera
2419 1341 2519 1384 ex-

311 1425 622 1508 posuerit.
698 1423 782 1487 Et
827 1423 998 1508 quod
1036 1423 1370 1510 Asclepius
1415 1424 1610 1488 tradit
1651 1428 1969 1490 interiisse
2013 1423 2320 1510 quosdam
2369 1446 2410 1487 e
2449 1423 2522 1487 li-

313 1525 443 1591 bris
501 1526 954 1611 metaphysicis
998 1526 1289 1593 Eudemo
1347 1527 1592 1592 traditis
1651 1538 1718 1592 et
1769 1551 1805 1592 a
1849 1526 2311 1615 posterioribus
2357 1526 2522 1591 male

313 1615 656 1714 suppletos⁸
692 1650 833 1694 esse
876 1652 953 1694 ex
996 1629 1255 1716 reliquis
1301 1633 1551 1716 scriptis
1596 1630 2052 1709 Aristotelicis‚
2107 1630 2187 1694 cf.
2231 1652 2294 1717 p.
2342 1633 2408 1707 7,
2452 1629 2522 1697 id

314 1733 486 1797 haud
532 1736 666 1822 scio
713 1755 795 1797 an
841 1733 1224 1799 concluserit
1271 1738 1468 1823 magis
1515 1755 1589 1800 ex
1635 1733 1942 1822 singulari
1987 1733 2095 1797 illa
2145 1743 2211 1799 et
2250 1737 2408 1798 mira
2450 1732 2524 1797 li·-

316 1837 413 1902 bri
458 1837 531 1902 K
573 1838 794 1915 forma,
840 1860 1023 1923 quam
1071 1843 1255 1903 certis
1303 1837 1667 1903 auctoribus
1713 1837 2014 1903 traditum
2055 1839 2392 1924 acceperit.
2435 1874 2522 1889 --

318 1940 695 2006 Aristoteles
732 1962 888 2006 vero
926 1944 1065 2026 ipse
1096 1964 1247 2006 num
1285 1941 1367 2006 de
1398 1941 1524 2005 illis
1560 1941 1771 2020 rebus,
1810 1962 1963 2028 quas
1994 1944 2228 2027 requiri
2259 1940 2524 2005 adcon*

317 2043 695 2110 eludendam
739 2048 1095 2110 universam
1142 2044 1491 2110 doctrinam
1526 2044 1816 2123 indicavi,
1863 2049 2026 2129 certi
2053 2045 2368 2131 quidpiam
2399 2054 2524 2128 stas

318 2152 506 2214 tuerit
538 2147 789 2234 quidem
816 2147 987 2233 apud
1010 2151 1298 2227 animum,
1329 2149 1444 2214 sed
1473 2147 1583 2212 vel
1612 2152 1895 2214 omiserit
1923 2152 2172 2236 scriptis
2205 2162 2524 2234 exponere

316 2253 421 2317 vel
464 2262 673 2317 morte
714 2256 1105 2338 interceptus
1149 2255 1645 2338 non,potuerit,
1700 2264 1773 2317 ut
1827 2256 2190 2338 interpretis
2247 2255 2328 2316 sit
2373 2271 2526 2315 con-

318 2355 642 2422 cludendo
688 2354 1196 2443 colligendisque
1240 2355 1510 2443 singulis
1555 2357 1848 2442 partibus
1894 2355 2188 2439 omnibus
2219 2353 2525 2439 supplere

318 2462 431 2527 has
463 2462 744 2538 lacum,
788 2461 1087 2545 quoniam
1130 2462 1195 2524 in
1242 2462 1610 2526 coniectura
1657 2480 1846 2525 omne
1871 2471 1989 2526 est
2020 2459 2319 2526 iudicium
2355 2459 2528 2542 posi-

320 2580 466 2647 tum,
500 2567 608 2632 alii
639 2564 824 2629 aliter
851 2567 1155 2638 sentient;
1186 2562 1481 2650 equidem
1506 2585 1902 2652 magnopere
1931 2585 2034 2627 me
2064 2562 2354 2627 dubitare
2380 2580 2528 2645 pro-

318 2672 526 2748 fiteor,
564 2692 715 2735 num
753 2667 879 2732 illis
918 2671 1106 2734 etiam
1136 2670 1203 2732 in
1233 2668 1712 2752 quaestionibus
1744 2667 2097 2732 doctrinam
2125 2686 2300 2730 suam
2334 2662 2526 2750 plene

321 2774 673 2841 absolverit
717 2782 783 2838 et
828 2771 1210 2837 concluserit
1241 2772 1637 2838 Aristoteles.
1703 2772 1764 2835 Is
1802 2774 1970 2836 enim
2001 2782 2074 2835 ut
2117 2779 2216 2834 est
2259 2768 2528 2857 diligen·

320 2882 597 2943 tissimus
656 2880 722 2941 in
774 2874 1243 2963 cognoscendis
1285 2875 1481 2940 rebus
1518 2874 1819 2963 singulis,
1871 2895 2143 2961 quorum
2203 2876 2528 2962 ingentem

322 3003 589 3068 prorsus
647 2990 712 3044 et
762 3002 973 3066 prope
1026 2977 1467 3045 incredibilem
1517 2984 1729 3046 animo
1777 2978 2142 3065 complexus
2189 2988 2286 3042 est
2327 2980 2530 3042 scien-

324 3089 501 3163 tiam,
548 3094 620 3149 ut
666 3093 763 3148 est
806 3094 1024 3149 acutus
1072 3093 1138 3147 et
1180 3085 1555 3170 ingeniosus
1593 3087 1666 3148 in
1710 3081 2075 3170 redigendis
2120 3081 2217 3145 his
2259 3080 2529 3168 singulis

325 3190 518 3254 rebus
567 3188 648 3252 ad
695 3209 981 3268 summas,
1024 3209 1183 3273 quas
1219 3187 1514 3263 distinxit,
1561 3190 1838 3252 omnium
1878 3189 2110 3250 entium
2147 3187 2526 3271 categoriam

322 3298 409 3359 ita
456 3315 648 3380 quum
696 3292 775 3357 de
820 3291 1126 3357 iaciendis
1160 3290 1475 3356 altissimis
1519 3290 1852 3355 doctrinae
1883 3286 2531 3372 fundamentisetde

325 3396 782 3463 confirmandis
828 3398 1116 3482 interque
1160 3416 1251 3460 se.
1276 3394 1692 3483 conciliandis
1737 3395 2062 3480 principiis
2108 3396 2340 3480 agitur,
2391 3391 2531 3479 plu-

324 3506 546 3567 rimum
606 3499 906 3585 relinquit
961 3500 1371 3565 dubitatiom’s
1400 3502 1482 3580 ¹).
1575 3498 1989 3584 Quapropter
2043 3508 2115 3561 ut
2166 3499 2534 3582 interpretis

324 3626 590 3670 munere
648 3607 893 3669 sincere
949 3615 1012 3669 et
1054 3602 1365 3668 modeste.
1386 3603 1570 3690 fungi
1613 3601 1894 3680 viderer,
1949 3623 2113 3687 quae
2159 3598 2536 3666 Aristoteles

326 3711 464 3797 ipse
513 3707 829 3786 disseruit,
877 3729 949 3772 ea
986 3729 1173 3793 quam
1208 3706 1693 3793 diligentissime
1729 3709 1948 3792 pmavi
1987 3702 2371 3790 explicanda,
2414 3704 2536 3767 hos

327 3823 537 3877 autem
582 3810 747 3874 fines
793 3809 1141 3875 divinando
1190 3821 1255 3874 et
1300 3810 1723 3875 coniectando
1763 3809 1985 3897 egredi
2022 3807 2353 3895 religionis
2393 3828 2534 3871 esse

331 3916 507 3991 duxi;
566 3914 929 3979 verendum·
978 3925 1075 3978 est
1133 3917 1296 3978 enim
1354 3936 1438 3978 ne
1494 3917 1634 3979 ausi
1675 3935 1765 3978 -ex
1814 3916 2079 4000 ingenio
2121 3911 2426 3998 supplere·
2470 3922 2536 3975 et

334 4018 720 4085 concludere
767 4018 1116 4082 doctrinam
1151 4015 1614 4083 Aristotelicum
1655 4021 1722 4081 in
1763 4017 2028 4082 eandem
2064 4016 2410 4081 incidamus
2444 4018 2536 4080 in-

440 4262 503 4332 1)
536 4266 621 4319 Cf.
661 4265 823 4316 Zeller
857 4264 985 4316 Phil.
1010 4265 1178 4318 d..Gr.
1215 4266 1278 4316 Π.
1314 4286 1366 4334 p.
1395 4279 1490 4319 4⁰⁵
1510 4277 1707 4328 -4θ8,
1747 4274 1845 4318 ³62
1871 4284 1978 4332 sqq.
2023 4263 2234 4335 ‘Hcyder
2259 4260 2404 4314 Arist.
2430 4259 2540 4309 und

329 4352 620 4419 Hegel'sche
657 4350 904 4403 Dialektik
937 4352 976 4414 Ι,
1017 4367 1060 4405 1.
1098 4372 1147 4421 p.
1179 4368 1203 4407 1
1216 4366 1274 4407 81
1315 4371 1421 4421 sqq.
