3043 4973
563 245 710 322 388
1404 244 1465 316 Θ
1514 244 1583 318 4.
1668 241 1936 319 104711.

564 426 893 511 ἐνέργειαν
934 443 1116 488 suum
1162 432 1228 488 et
1271 420 1657 510 peculiarem
1703 421 1913 488 locum
1951 419 2189 485 habere
2227 418 2381 485 dicit
2417 417 2523 487 ubi
2562 422 2778 509 agitur

565 526 649 592 de
707 529 1055 593 mutatione
1085 538 1178 592 .et
1234 537 1439 605 motu,
1498 524 1891 612 eandemque
1949 525 2104 590 dicit
2159 528 2482 610 pertinere
2529 536 2594 589 et
2635 535 2778 590 ten-

561 629 735 709 dere,
780 633 1148 709 συντείνειν,
1194 631 1699 710 συντεθεῖσθαι,
1737 629 1817 694 ad
1848 631 2255 715 ἐντελέχειαν,
2299 629 2642 715 perfectum
2674 631 2777 694 rei

564 744 793 801 statum
840 737 945 817 qui
981 733 1134 799 inde
1171 736 1564 801 conficiatur.
1639 734 1769 800 Sed
1805 734 1957 798 licet
1993 732 2255 798 alterum
2292 737 2554 818 proprie
2588 735 2778 811 viam,

564 838 830 904 alterum
887 836 1080 901 finem
1128 841 1271 903 viae
1321 838 1667 926 significet,
1726 847 1935 902 tamen
1980 838 2137 901 haec
2179 836 2312 902 duo
2357 840 2445 901 ita
2490 841 2655 902 inter
2702 859 2778 901 se

564 944 927 1019 cohaerent,
973 951 1044 1006 ut
1078 941 1266 1006 facile
1300 953 1604 1029 appareat
1634 964 1747 1008 cur
1777 945 2143 1028 saepissime
2172 940 2352 1006 nullo
2386 951 2780 1027 usurpentur

565 1045 943 1112 discrimine.
1006 1045 1084 1109 cf.
1118 1045 1356 1111 Trend.
1398 1045 1477 1111 de
1511 1067 1612 1111 an.
1643 1071 1708 1134 p.
1738 1048 1890 1112 397.
1924 1082 2005 1097 —
2046 1046 2182 1110 1132
2229 1049 2517 1129 ἐνέργεια
2562 1068 2778 1130 quam-

563 1171 749 1237 quam
793 1149 1142 1235 praedicati
1190 1149 1400 1216 locum
1449 1149 1721 1229 obtinet,
1780 1159 1990 1215 tamen
2049 1149 2377 1214 articulum
2435 1148 2586 1214 ideo
2647 1148 2777 1214 sibi

561 1254 816 1318 videtur
860 1253 1233 1332 adscivisse,
1289 1264 1362 1318 ut
1416 1253 1813 1341 significetur
1869 1276 1943 1318 ea
2003 1252 2085 1318 de
2140 1275 2261 1339 qua
2309 1257 2551 1340 agimus
2595 1256 2818 1337 ἐυερ-χ

562 1380 726 1441 γεια.
768 1395 850 1411 -··
890 1359 1027 1423 0¹33
1073 1351 1281 1433 ἄλλας
1326 1356 1395 1421 δέ
1441 1380 1629 1434 τινας
1670 1359 2086 1441 κατηγορίας.
2162 1358 2316 1421 Non
2362 1356 2774 1445 cogitandum

563 1461 646 1528 de
691 1462 910 1527 decem
957 1464 1214 1526 summis
1260 1483 1471 1526 rerum
1516 1460 1893 1549 generibuS,
1951 1459 2066 1524 sed
2109 1464 2474 1547 κατηγορία
2520 1464 2776 1526 univer-

563 1566 679 1631 sali
712 1565 1208 1654 praedicamenti
1239 1568 1507 1634 notione
1544 1563 2010 1652 accipiendum;
2055 1586 2189 1630 non
2223 1576 2480 1647 motum,
2517 1569 2622 1646 ait,
2653 1564 2775 1629 sed

564 1669 688 1740 alia
734 1669 1041 1758 quaedam
1088 1669 1173 1735 de
1215 1672 1312 1749 iis,
1358 1691 1523 1757 quae
1568 1691 1703 1735 non
1746 1678 1910 1750 sunt,
1955 1667 2438 1756 praedicamus„

1454 1923 1683 2001 CAP.
1749 1925 1876 2000 IV.

698 2066 1056 2138 Falluntur
1099 2071 1213 2156 qui
1257 2067 1480 2135 dicunt
1497 2114 1518 2151 ‚
1575 2091 1718 2135 esse
1774 2070 2031 2157 aliquid
2070 2062 2354 2138 δυνατὸν
2399 2065 2595 2149 εἶναι,
2647 2093 2772 2135 nec

563 2182 779 2238 tamen
815 2196 1100 2260 unquam
1115 2172 1449 2258 futurum,
1498 2175 1702 2239 104711
1732 2175 1873 2239 3-
1893 2178 1997 2243 14.
2072 2175 2157 2241 Si
2199 2199 2343 2241 eum
2387 2176 2771 2240 exsistentia

561 2281 758 2343 unius
792 2280 914 2342 ·rei
956 2275 1019 2341 A
1073 2280 1446 2343 necessario
1504 2279 1852 2344 coniuncta
1908 2290 2005 2345 est
2064 2281 2447 2345 exsistentia
2498 2281 2771 2345 alterius
2824 2306 2832 2315 ·

560 2385 664 2448 rei
707 2381 810 2464 Β,
865 2383 1062 2448 eliam
1117 2405 1262 2448 cum
1307 2380 1746 2468 possibilitate
1787 2385 1889 2447 rei
1929 2384 1989 2448 A
2034 2387 2378 2450 conitmcta
2420 2395 2520 2451 est
2551 2385 2770 2470 possi-

563 2488 785 2554 bilitas
826 2488 929 2552 rei
972 2484 1073 2567 B,
1119 2497 1183 2552 et
1223 2489 1512 2552 vicissim
1557 2510 1593 2551 e
1635 2475 1980 2554 coniuncta
2026 2493 2398 2556 necessario
2433 2489 2770 2576 possibili-

562 2600 697 2659 tate
740 2594 1086 2658 coniuncta
1127 2593 1280 2657 item
1323 2593 1705 2659 exsistentia
1749 2594 1976 2679 colligi
2011 2604 2229 2681 potest
2270 2633 2358 2646 -—
2398 2596 2546 2660 1130.

697 2713 968 2778 1047113
1013 2715 1082 2776 εὶ
1126 2708 1184 2776 δ’
1229 2748 1310 2763 -
1360 2713 1443 2776 14
1491 2707 1914 2779 ἀδύνατον
1956 2713 2055 2778 δέ.
2132 2714 2200 2778 Si
2247 2736 2322 2778 ea
2369 2723 2464 2778 est
2499 2715 2617 2778 τοῦ
2654 2713 2768 2778 δυ-

558 2818 769 2882 νατοῦ
808 2814 1211 2904 significatiO,
1266 2825 1334 2879 ut
1378 2818 1432 2879 si
1479 2820 1847 2901 pervenisse
1892 2827 2170 2902 ponatur
2214 2816 2295 2881 ad
2344 2820 2768 2882 exsistentiam

559 2919 720 2985 nihil
765 2929 1105 3006 propterea
1144 2917 1387 2983 accidat
1425 2919 1837 3005 impossibile,
1880 2942 2012 2985 non
2053 2921 2203 2986 licet
2240 2943 2394 2986 vere
2431 2921 2578 2986 dici:
2625 2942 2767 2986 esse

498 3088 512 3106 ‚
561 3023 812 3110 quidem
875 3021 1111 3108 aliquid
1167 3019 1509 3109 possibile,
1568 3022 1684 3088 sed
1736 3045 2054 3110 nunquam
2100 3013 2434 3102 futurum3'
2465 3029 2552 3090 ita
2601 3028 2788 3099 enim,

559 3149 722 3214 quae
779 3130 863 3191 sit
919 3125 1445 3212 impossibilitatis
1503 3130 1601 3192 vis
1660 3150 1735 3192 ac
1789 3138 2016 3193 natura
2071 3150 2332 3216 prorsus
2378 3151 2499 3194 nos
2539 3120 2763 3218 fugiet.

557 3222 783 3297 Veluti
827 3231 1056 3296 dixerit
1099 3234 1435 3318 quispiam:
1500 3230 1675 3298 Nihil
1737 3232 1999 3320 impedit
2052 3238 2386 3320 quominus
2432 3233 2763 3321 quidpiam,

559 3357 930 3421 quamquam
987 3335 1294 3421 possibile
1355 3347 1451 3402 est
1508 3358 1649 3402 esse
1706 3337 1810 3402 vel
1868 3336 2038 3416 fieri,
2079 3341 2307 3403 ‘tamen
2356 3357 2478 3403 nec
2521 3342 2603 3403 sit
2644 3359 2766 3417 nec

554 3439 697 3514 θοις
742 3443 959 3524 itaque
1005 3438 1294 3524 equidem
1344 3440 1488 3506 dico
1528 3442 1759 3506 lineam
1800 3441 2204 3531 diagonalem
2245 3442 2535 3528 quadrati
2571 3464 2763 3529 posse

553 3541 726 3607 illam
763 3541 1018 3629 quidem
1056 3548 1419 3623 mensurari,
1459 3544 1575 3610 sed
1606 3567 1924 3632 nunquam
1956 3557 2376 3612 mensuratum
2409 3549 2506 3611 iri.
2575 3546 2761 3632 Quae

554 3650 661 3733 qui
709 3647 887 3725 dicit,
932 3651 988 3711 is
1034 3647 1187 3734 quid
1232 3652 1314 3714 sit
1356 3649 1749 3734 impossibile
1795 3670 1929 3715 non
1974 3655 2306 3738 reputavit.
2387 3652 2638 3715 Etenim
2688 3672 2761 3715 ex

551 3756 882 3838 proposita
932 3762 1115 3816 antea
1162 3754 1282 3816 τοῦ
1322 3752 1608 3817 δυνατοῦ
1646 3757 1915 3819 notione
1960 3758 2074 3836 (ἐκ
2110 3758 2240 3822 τῶν
2275 3759 2581 3839 κειμένων
2603 3758 2646 3837 ἡ1)
2662 3756 2759 3831 10,

555 3855 636 3920 cf.
668 3857 729 3920 3.
765 3857 1126 3936 1047a24)
1174 3859 1595 3942 consequitur,
1639 3867 1724 3936 ut,
1771 3861 1826 3922 si
1869 3880 1939 3923 re
1983 3882 2135 3924 vera
2177 3882 2317 3925 esse
2352 3880 2662 3945 ponamus
2692 3856 2759 3922 id

558 3959 732 4044 quod
780 3970 877 4024 est
921 3957 1244 4047 possibile,
1289 3957 1516 4025 falsum
1563 3961 1689 4025 hoc
1733 3962 2004 4028 fortasse
2049 3967 2148 4043 sit,
2194 3963 2309 4028 sed
2357 3985 2489 4028 non
2535 3966 2616 4028 sit
2654 3964 2760 4026 im·

442 4114 449 4123 .
554 4064 883 4149 possibile.
976 4064 1060 4129 At
1103 4066 1154 4126 si
1202 4061 1431 4129 lineam
1480 4063 1884 4153 diagonalem
1930 4071 2278 4132 mensurari
2325 4070 2649 4154 ponimus,
2692 4063 2757 4129 id

550 4188 687 4232 non
733 4165 938 4231 solum
986 4166 1211 4230 falsum
1262 4180 1386 4247 est,
1437 4168 1553 4234 sed
1597 4171 2011 4257 impossibile.
2105 4172 2278 4257 Ergo
2327 4169 2755 4257 possibilitatis

553 4280 618 4336 et
661 4267 1190 4361 impossibilitatis
1249 4275 1551 4337 notiones
1610 4294 1742 4339 non
1800 4277 2149 4361 perspexit,
2209 4278 2263 4339 si
2309 4278 2446 4359 quis
2494 4272 2647 4337 dicit
2687 4271 2756 4336 li-

553 4395 739 4442 neam
783 4372 1187 4462 diagonalem
1237 4396 1374 4450 esse
1421 4375 1674 4461 quidem
1721 4371 2005 4445 δυνατὸν
2046 4379 2458 4463 μετρεῖσθαι,
2508 4399 2634 4443 nec¹
2671 4386 2755 4442 ta-

549 4500 696 4548 men
740 4500 1016 4568 unquam
1061 4488 1494 4549 mensuratum
1539 4482 1633 4562 iri,
1679 4505 1754 4547 ac
1796 4481 2065 4568 perinde
2110 4483 2248 4548 aliis
2294 4485 2361 4548 in
2402 4482 2614 4560 rebus.
