3043 4973
505 208 607 287 90
1354 213 1431 285 A
1474 209 1549 283 6.
1625 209 1771 285 987
1790 210 1854 283 b.

508 386 790 477 singulas
833 409 937 452 res
980 385 1313 454 sensibiles
1359 395 1423 452 et
1464 384 1672 451 ideam
1713 388 1815 452 cui
1852 384 2269 451 subiiciautnr
2305 386 2583 472 opponit
2621 388 2715 449 in-

508 500 606 557 ter
639 513 709 556 se
746 502 1059 579 tamquam
1092 487 1178 557 τὰ
1213 486 1431 557 πολλοί
1469 500 1536 555 et
1571 485 1648 556 τὸ
1683 496 1770 569 ἓν,
1806 490 1888 555 ci.
1916 489 2104 555 Plato
2142 488 2225 554 de
2259 511 2394 576 rep.
2425 491 2479 553 X
2511 492 2716 554 596a.

509 594 774 661 Phaedr.
795 598 931 662 265
945 595 1006 660 d.
1053 594 1286 660 Phaed.
1313 598 1398 662 78
1413 593 1476 660 d.
1507 594 1588 659 al.
1670 594 1901 680 Qualia
1937 596 2067 658 sint
2095 591 2204 657 illa
2240 585 2324 657 τοὶ
2359 588 2574 658 πολλά
2608 592 2719 658 de-

506 697 731 765 finitur
762 722 883 786 per
917 700 1266 788 genitivum
1303 700 1434 765 τῶν
1470 693 1883 783 συνωνύμων,
1920 699 2342 783 appositionis
2375 699 2577 762 instar
2610 696 2718 762 ad·

510 802 735 883 ditum,
794 806 974 889 quasi
1018 801 1187 867 dicat
1228 796 1316 868 τὰ
1355 797 1605 882 πολλά,
1651 795 1696 867 ἃ
1745 796 2092 885 συνώνυμά
2136 805 2275 866 ἐστι
2315 809 2457 877 τοῖς
2501 802 2715 867 εἴδεσι.

508 906 846 973 sensibilia
876 917 1084 972 autem
1118 904 1492 972 Aristoteles
1539 928 1615 970 ex
1659 908 1976 970 sententia
2004 904 2309 984 Platonis,
2353 926 2539 990 quam
2575 907 2720 969 sim·

508 1011 765 1099 pliciter
806 1011 1029 1078 referri
1070 1012 1206 1096 ipsa
1251 1010 1452 1075 forma
1493 1013 1812 1086 enunciati
1850 1008 2236 1075 documento
2274 1016 2387 1086 est,
2431 1006 2719 1094 appellat

512 1110 858 1200 συνώνυμα
899 1123 1042 1191 τοῖς
1085 1111 1297 1192 εἴδεσι,
1342 1110 1516 1200 quod
1561 1116 1880 1199 aptissime
1921 1113 2159 1178 dictum
2205 1133 2346 1177 esse
2384 1111 2721 1198 apparebit

509 1222 830 1306 reputanti
869 1228 935 1284 et
962 1217 1431 1283 Aristotelicum
1476 1219 1645 1281 inter
1690 1212 2035 1302 ὁμώνυμος
2080 1225 2145 1281 et
2178 1210 2552 1300 συνώνυμος
2595 1214 2720 1281 dis-

511 1325 748 1390 crimen
778 1331 843 1387 et
866 1321 1151 1387 Platonis
1182 1318 1266 1386 de
1292 1320 1456 1387 ideis
1486 1320 1859 1386 doctrinam.
1920 1318 2300 1385 Aristoteles
2330 1321 2496 1384 enim
2527 1341 2718 1405 quum

513 1426 645 1493 duo
684 1429 749 1492 in
786 1424 1004 1514 lingua
1036 1424 1284 1491 Graeca
1319 1426 1636 1490 inveniret
1668 1423 1985 1489 vocabula
2021 1445 2155 1489 non
2191 1421 2452 1488 multum
2487 1422 2720 1488 distan-

511 1534 600 1596 tia
644 1524 990 1615 ὁμώνυμος
1034 1539 1098 1594 et
1141 1523 1547 1613 συνώνυμος,
1606 1549 1680 1593 ea
1739 1548 1860 1616 pro
1922 1548 2041 1593 suo
2100 1525 2368 1592 arbitrio
2423 1549 2606 1592 suum
2648 1529 2718 1591 in

510 1655 692 1699 usum
737 1637 824 1699 ita
869 1632 1167 1712 distinxit,
1212 1640 1286 1696 ut
1327 1626 1647 1716 ὁμώνυμα
1691 1630 1933 1697 diceret
1976 1653 2142 1718 quae
2182 1652 2420 1696 nomen
2458 1640 2719 1709 tantum,

512 1731 860 1822 συνώνυμα
904 1757 1069 1823 quae
1112 1745 1179 1802 et
1221 1755 1459 1800 nomen
1505 1746 1570 1798 et
1614 1736 2029 1801 substantiam
2088 1756 2484 1801 communem
2525 1735 2717 1800 habe-

510 1852 671 1919 reut,
703 1841 782 1906 cf.
813 1839 959 1907 Cat.
992 1843 1054 1906 1.
1114 1837 1420 1904 Trendel.
1452 1835 1533 1902 de
1567 1860 1666 1904 an.
1697 1862 1759 1926 p.
1791 1840 1942 1905 334.
2006 1839 2198 1925 Atqui
2225 1839 2427 1917 Plato,
2458 1842 2567 1925 qui
2594 1842 2720 1903 sin-

511 1945 695 2034 gulas
740 1965 847 2010 res
889 1941 1225 2010 sensibiles
1269 1952 1613 2030 propterea
1656 1953 1721 2008 et
1761 1952 2021 2009 eatenus
2060 1964 2237 2009 esse
2277 1946 2538 2008 omnino
2575 1962 2718 2007 cen·

514 2059 703 2126 seret,
746 2058 1060 2135 quatenus
1106 2047 1186 2113 ab
1219 2046 1364 2112 idea
1395 2046 1605 2132 aliqua
1637 2048 2203 2128 conformarentur,
2245 2047 2539 2134 profecto
2584 2064 2719 2110 non

513 2155 788 2219 nominis
831 2151 1049 2231 modo,
1093 2151 1207 2218 sed
1252 2152 1644 2217 substantiae
1680 2154 1867 2217 etiam
1899 2156 2410 2218 communionem
2441 2172 2580 2216 esse
2608 2168 2722 2214 vo-

515 2255 635 2323 luit
678 2260 846 2322 inter
887 2255 1064 2323 ideas
1109 2265 1177 2322 et
1220 2277 1320 2320 res
1366 2258 1442 2320 iis
1485 2255 1820 2321 subiectas.
1893 2254 2116 2341 Quare
2151 2266 2323 2321 recte
2359 2277 2436 2321 ex
2472 2263 2723 2320 senten—

516 2364 606 2426 tia
650 2361 937 2426 Platonis
995 2358 1316 2424 sensibilia
1375 2359 1670 2424 dicuntur
1719 2355 2066 2444 συνώνυμα
2108 2368 2249 2436 τοῖς
2290 2356 2502 2426 εἴδεσι.
2590 2356 2720 2424 Sed

516 2465 715 2532 obiici
761 2463 953 2531 video
999 2464 1145 2530 huic
1190 2462 1595 2551 explicationi
1641 2462 1764 2543 (cf.
1812 2462 2116 2530 Trendel.
2164 2463 2205 2530 l.
2251 2460 2352 2545 l.),
2403 2473 2468 2530 et
2510 2462 2724 2528 Plato·

517 2592 662 2636 nem
708 2590 1046 2655 numquam
1091 2562 1507 2652 συνωνύμους
1551 2566 1767 2633 dicere
1806 2567 1985 2634 ideas
2027 2578 2089 2633 et
2121 2590 2227 2634 res
2261 2567 2616 2647 sensibiles,
2659 2577 2726 2633 et

516 2675 600 2740 ab
664 2671 1012 2740 Aristotele
1069 2671 1221 2738 alibi
1275 2671 1358 2737 de
1408 2671 1629 2736 eadem
1673 2693 1745 2737 re
1789 2675 2080 2760 usurpari
2122 2672 2503 2738 vocabulum
2546 2667 2725 2757 ὁμώ-

515 2801 746 2863 νυμοςι
804 2799 970 2864 quae
1022 2778 1239 2842 nescio
1287 2796 1368 2838 an
1412 2778 1764 2863 speciosius
1811 2775 2214 2862 disputentur
2257 2798 2443 2863 quam
2487 2778 2721 2841 verius.

520 2883 772 2947 Etenim
818 2881 1152 2946 discrimen
1196 2877 1356 2944 illud
1399 2881 1568 2943 inter
1612 2875 1955 2965 ὁμώνυμος
1992 2892 2057 2946 et
2098 2876 2471 2966 συνώνυμος
2514 2901 2726 2967 neque

520 3008 596 3051 ex
642 2988 895 3073 origine
933 2986 1171 3050 horum
1205 2981 1663 3049 vocabulorum
1710 3005 1918 3072 neque
1966 3007 2039 3050 ex
2084 2988 2398 3051 communi
2444 3007 2564 3051 usu
2607 2985 2726 3050 lin-

519 3112 686 3180 guae
729 3090 1084 3176 repetitum,
1128 3091 1269 3175 ipse
1314 3097 1707 3154 commentus
1746 3099 1842 3154 est
1879 3099 1942 3154 et
1979 3111 2099 3175 pro
2137 3111 2258 3155 suo
2297 3090 2560 3155 arbitrio
2601 3100 2729 3154 sta-

518 3197 642 3260 tuit
687 3192 1091 3271 Aristoteles;
1145 3191 1314 3279 apud
1360 3191 1693 3257 Platonem
1743 3192 1984 3258 nullum
2031 3196 2167 3258 eius
2213 3193 2585 3258 discriminis
2629 3201 2728 3258 est

518 3302 887 3385 vestigium3
929 3300 987 3362 is
1036 3301 1217 3376 euim,
1264 3305 1335 3362 ut
1380 3306 1476 3361 est
1519 3295 1886 3383 religiosior
1928 3300 1993 3362 in
2030 3297 2362 3362 retinenda
2397 3301 2626 3363 usitata
2660 3299 2726 3363 vi

519 3402 1003 3480 vocabulorum,
1048 3398 1391 3486 ὁμώνυμος
1434 3411 1769 3486 utrumque
1812 3402 1878 3464 in
1924 3422 2176 3466 sensum
2220 3412 2500 3489 usurpat,
2543 3412 2617 3466 ut
2659 3411 2728 3466 et

523 3524 759 3569 nomen
796 3527 920 3569 una
958 3528 1098 3570 cum
1128 3506 1477 3573 substantia
1509 3506 1714 3586 (Tim.
1747 3506 1900 3584 52³,
1930 3505 2009 3570 cf.
2040 3505 2277 3571 Phaed.
2308 3507 2488 3586 782)
2517 3516 2583 3570 et
2611 3526 2729 3570 no-

523 3629 671 3673 men
715 3610 856 3673 sine
899 3609 1247 3675 substantia
1295 3630 1628 3675 commune
1665 3608 1986 3695 significet
2027 3612 2241 3689 (Prot.
2268 3612 2394 3676 311
2414 3610 2475 3674 b.
2518 3612 2726 3675 Parm.

529 3711 773 3792 13:311),
820 3713 898 3778 cf.
944 3712 1124 3779 Alex.
1170 3738 1235 3801 p.
1270 3715 1376 3793 38,
1419 3715 1525 3780 19.
1597 3713 1730 3777 lam
1772 3713 2151 3779 Aristoteles
2194 3715 2303 3780 ubi
2345 3714 2541 3780 refert
2583 3717 2731 3779 sim-

524 3815 776 3902 pliciter
801 3816 1090 3883 Platonis
1124 3820 1519 3895 seutentiam,
1564 3815 1645 3881 ad
1682 3815 2161 3904 significandam
2193 3820 2520 3897 rationem,
2564 3840 2731 3904 quae

523 3918 703 3984 ideas
746 3922 914 3986 inter
957 3931 1024 3986 et
1064 3943 1169 3986 res
1213 3921 1550 3987 sensibiles
1589 3919 1955 4001 intercedat,
1996 3921 2326 3986 vocabulis
2371 3924 2567 3986 utitur
2611 3940 2733 3987 ov>-

524 4017 823 4108 νώνυμος
860 4024 966 4090 vel
1012 4023 1130 4110 οὐχ
1174 4020 1533 4110 ὁμώνυμος,
1577 4023 1775 4089 veluti
1822 4025 1881 4090 h.
1924 4024 1966 4089 l.
2016 4036 2082 4090 et
2124 4026 2174 4090 I
2212 4028 2316 4091 10.
2366 4027 2573 4091 1⁰59a
2614 4028 2728 4091 13:

525 4128 745 4192 καίτοι
798 4128 893 4211 τῷ
950 4129 1103 4194 εἴδει
1158 4122 1366 4194 ταύτὰ
1423 4130 1677 4211 λέγεται
1733 4122 1899 4192 εἶναι
1947 4124 2033 4193 τὰ
2077 4128 2214 4209 εἴδη
2258 4137 2399 4205 τοῖς
2440 4131 2570 4195 τισὶ
2614 4131 2734 4196 καὶ

526 4227 646 4315 οὐχ
690 4227 1033 4316 ὁμώνυμαι
1088 4231 1201 4296 ubi
1251 4251 1406 4296 vero
1451 4231 1752 4297 iudicium
1795 4232 2009 4298 ferens
2055 4233 2136 4297 de
2182 4232 2470 4298 doctrina
2514 4232 2735 4299 Plato·

525 4338 666 4401 nica
711 4333 897 4403 illam
926 4334 1314 4402 substantiae
1350 4339 1859 4403 communionem
1896 4339 2065 4403 inter
2099 4336 2308 4403 ideam
2347 4347 2412 4402 et
2444 4357 2548 4403 res
2587 4358 2736 4405 sen-
