3043 4973
555 197 713 296 422
1398 222 1445 294 ι
1483 215 1556 292 2.
1638 213 1905 292 10540.

690 395 768 476 b)
806 396 1205 464 bat-013.
1292 395 1368 460 ln
1411 393 1670 480 reliquis
1720 402 1977 479 praeter
2032 386 2448 456 substantiam
2503 371 2783 475 catego-⁴

557 502 669 568 riis
712 502 764 564 si
810 501 1107 587 ponimus
1151 520 1373 578 uuum,
1429 520 1561 585 quo
1617 496 1864 583 reliqua
1918 493 2200 561 eiusdem
2246 495 2500 582 generis
2544 493 2757 556 metia-

558 625 697 669 mur
739 613 805 670 et
846 624 1263 681 numeremus,
1305 601 1468 670 illud
1511 621 1705 669 unum
1752 598 1990 685 ubique
2032 608 2270 665 certum
2301 596 2624 683 quidpiam
2663 603 2760 660 est

560 705 843 773 eiusdem
900 709 1186 795 generis,
1242 705 1422 771 velut
1460 709 1532 771 in
1577 703 1902 771 coloribus
1946 700 2281 770 metiendis
2327 710 2394 766 et
2434 720 2763 765 numeran-

560 810 660 875 dis
717 810 1032 887 colorem,
1087 813 1155 874 in
1211 813 1388 875 sonis
1444 831 1675 874 sonum
1735 819 2048 894 tamquam
2103 809 2407 872 unitatem
2453 807 2766 891 ponimuS‚

561 936 685 978 nec
740 934 898 978 vero
958 933 1217 999 usquam
1275 916 1480 999 ipsum
1540 934 1660 999 per
1701 933 1774 976 se
1817 932 2029 976 unum.
2119 912 2250 975 Iam
2295 929 2452 973 vero
2499 904 2765 972 eandem

564 1026 828 1102 oportet
886 1019 1163 1082 omnium
1224 1037 1364 1081 esse
1425 1018 1890 1104 categoriarum
1947 1016 2289 1089 rationem,
2342 1013 2500 1088 1024,
2539 1012 2662 1089 ⁰8,
2705 1012 2766 1074 9.

564 1121 741 1207 Ergo
790 1123 974 1186 etiam
1019 1123 1085 1184 in
1130 1119 1495 1185 substantiis
1540 1142 1667 1185 una
1713 1116 2020 1205 quaedam
2066 1117 2418 1182 substantia
2456 1127 2768 1200 tamquam

564 1225 773 1288 unitas
818 1222 1181 1309 quaerenda
1228 1233 1354 1302 est,
1412 1245 1536 1309 qua
1594 1234 1836 1289 ceteras
1886 1223 2245 1297 metiamur,
2301 1241 2425 1285 nec
2468 1216 2769 1306 ponenda

564 1329 702 1414 ipsa
749 1348 867 1414 per
909 1349 982 1393 se
1024 1329 1260 1407 unitas,
1312 1348 1483 1414 quae
1527 1328 1594 1391 in
1641 1348 1754 1406 eo,
1799 1325 1972 1413 quod
2019 1334 2119 1391 est
2159 1327 2400 1401 unitas,
2445 1345 2621 1388 suam
2666 1322 2771 1389 ha·

565 1429 718 1496 beat
761 1434 1116 1498 essentiam.

697 1535 877 1600 Haec
917 1535 1053 1600 fere
1098 1533 1584 1621 argumentandi
1619 1537 1815 1610 ratim
1861 1537 1932 1600 in
1970 1530 2424 1599 constituendo
2455 1540 2633 1595 textu
2661 1527 2774 1593 ali·

567 1641 823 1724 quoties
865 1637 973 1704 vel
1018 1641 1254 1702 recessi
1299 1658 1335 1700 a
1380 1642 1759 1704 recensione
1788 1637 1995 1703 Bekk.
2026 1636 2134 1703 vel
2167 1634 2598 1701 recedendum
2635 1654 2775 1698 esse

569 1741 861 1806 arbitror.
952 1741 1319 1806 Pronomen
1367 1742 1770 1808 indefinitum
1816 1765 1941 1820 τις,
1996 1766 2062 1807 τι
2115 1742 2453 1829 aliquoties
2495 1737 2609 1803 ubi
2652 1758 2777 1802 ma·

569 1847 711 1910 iore
769 1867 912 1910 cum
954 1846 1018 1908 vi
1064 1848 1551 1930 pronunciatum
1600 1846 1881 1925 videtur,
1937 1856 2008 1911 ut
2063 1857 2301 1912 certum
2346 1841 2688 1930 quidpiam·
2712 1850 2776 1905 et

570 1949 904 2014 definitum
948 1947 1271 2036 significet
1316 1960 1381 2015 et
1425 1961 1797 2037 opponatur
1839 1952 2092 2015 notioni
2137 1945 2479 2015 universali
2524 1946 2646 2026 (cf.
2699 1942 2778 2010 ad

573 2052 642 2117 Γ
675 2054 736 2117 2.
785 2053 988 2117 1003ὁ
1024 2053 1172 2132 33),
1217 2061 1472 2118 retento
1518 2066 1785 2120 accentu
1831 2056 2072 2140 scripsi,
2119 2051 2271 2120 licet
2312 2074 2433 2138 per
2475 2071 2780 2139 gramma·

570 2154 723 2220 ticas
769 2155 950 2242 leges
996 2174 1136 2219 eum
1183 2156 1530 2221 transferre
1576 2158 1809 2224 debeat
1851 2162 1919 2223 in
1953 2156 2338 2222 vocabulum
2377 2154 2779 2232 antecedens„

569 2256 772 2322 veluti
803 2259 962 2323 ⁶26:
1008 2262 1079 2322 ἐν
1118 2266 1258 2334 τοῖς
1290 2266 1508 2336 ποιοῖς
1541 2263 1680 2326 ἐστὶ
1717 2263 1796 2327 τὶ
1831 2256 1910 2326 τὸ
1955 2262 2023 2327 ἓν
2066 2261 2178 2326 καὶ
2220 2262 2345 2336 τὶς
2389 2254 2605 2348 φύσις,
2649 2280 2781 2323 cer·-

571 2369 703 2426 tum
742 2360 1063 2447 quidpiam
1107 2371 1172 2426 et
1208 2360 1559 2442 definitum,
1602 2363 1867 2430 definita
1904 2363 2207 2451 quaedam
2241 2375 2465 2429 natura
2499 2374 2596 2428 est
2622 2359 2781 2427 illud

570 2463 744 2551 quod
786 2468 1048 2551 ponitur
1087 2489 1300 2533 unum.
1369 2468 1550 2532 Item:
1593 2460 1670 2532 τὸ
1708 2468 1775 2535 ἓν
1812 2464 1898 2534 ὀὲν
1934 2458 2020 2549 ἦν
2057 2469 2134 2534 τὶ
2179 2472 2247 2533 ἕν
2287 2468 2435 2546 b36,
2483 2468 2696 2533 1054a
2724 2468 2778 2532 7.

569 2569 840 2635 Secutus
879 2573 948 2635 in
982 2572 1079 2636 his
1116 2594 1252 2637 sum
1291 2571 1658 2657 exemplum,
1704 2571 1878 2658 quod
1914 2576 2052 2659 ipse
2081 2571 2417 2637 Bekkerus
2448 2570 2605 2635 alibi
2635 2590 2781 2656 pro-

567 2676 802 2758 posuit,
847 2675 926 2740 cf.
965 2675 1035 2739 B
1064 2678 1124 2741 4.
1160 2678 1325 2741 999b
1351 2678 1455 2741 19.
1503 2678 1569 2739 Ζ
1594 2679 1698 2742 13.
1740 2678 1944 2742 193Θὸ
1967 2678 2072 2741 33.
2106 2674 2186 2739 al.
2229 2710 2310 2725 -
2357 2674 2618 2739 Deinde
2653 2675 2783 2738 1229

571 2769 744 2840 ἀλλὰ
789 2771 924 2859 μὴν
964 2779 1038 2842 ἕν
1081 2802 1152 2861 γε
1192 2774 1539 2865 χρώμασίν
1582 2783 1719 2845 ἐστι
1761 2775 1837 2846 τὸ
1876 2781 1945 2846 ἓν
1980 2781 2233 2865 χρῶμα,
2282 2788 2429 2843 ante
2472 2772 2550 2843 τὸ
2595 2778 2664 2843 ἓν
2711 2797 2783 2841 ex

572 2878 717 2943 cod.
751 2879 820 2943 E
859 2879 1222 2946 addendum
1266 2879 1519 2946 videtur
1562 2882 1749 2961 idem,
1795 2883 1879 2948 de
1923 2905 2054 2970 quo
2094 2903 2270 2948 nunc
2306 2880 2594 2960 disserui,
2635 2900 2786 2966 pro·

570 3002 807 3047 nomen
850 2984 934 3060 τὶ,
980 2987 1349 3068 praesertim
1395 3006 1588 3070 quum
1630 3006 1765 3050 eam
1806 2986 2150 3052 lectionem
2188 2984 2533 3050 Alexandri
2568 2995 2786 3049 aucto-

572 3089 725 3151 ritas
768 3085 1065 3152 videatur
1108 3086 1486 3153 confirmare
1530 3113 1596 3175 p.
1632 3091 1778 3167 585,
1823 3092 1937 3154 30:
1995 3091 2132 3155 ἔστι
2189 3083 2319 3176 γὰρ
2376 3093 2447 3153 ἐν
2484 3082 2787 3173 χρώμασι

567 3192 646 3256 τὶ
688 3185 767 3255 τὸ
812 3190 883 3256 ἓν
927 3187 1073 3257 οἷον
1114 3186 1193 3257 τὸ
1240 3187 1487 3258 λευκόν.
1516 3231 1598 3243 -
1648 3195 1811 3258 Tum
1845 3195 2055 3257 105412
2081 3194 2128 3257 8
2173 3215 2362 3278 quum
2394 3190 2543 3256 libri
2573 3193 2785 3276 scripti

573 3293 865 3380 plerique
910 3295 1211 3361 habeantx
1256 3293 1405 3360 ἀλλ’
1446 3293 1589 3380 οὐχὶ
1632 3298 1831 3362 τοῦτο
1876 3293 2086 3361 αὐτοῦ
2126 3292 2169 3374 ἡ
2218 3292 2428 3372 οὐσία,
2473 3316 2639 3361 unus
2685 3315 2785 3359 au·

571 3397 846 3462 tem'Ab:
888 3394 1039 3461 ἀλλ’
1081 3395 1226 3483 οὐχὶ
1267 3401 1465 3465 τοῦτο
1513 3394 1677 3465 αὐτὸ
1722 3396 1766 3479 ἡ
1809 3397 2021 3477 οὐσία,
2065 3401 2406 3487 genuinam
2446 3397 2785 3462 lectionem

575 3522 650 3565 ex
682 3511 954 3585 utraque
985 3504 1204 3585 putavi
1237 3503 1779 3591 coniungendam:
1813 3499 1960 3566 ἀλλ’
2000 3499 2146 3586 οὐχὶ
2181 3502 2378 3568 τοῦτο
2414 3494 2613 3566 αὐτὸ
2648 3497 2788 3565 αὐ-

572 3605 718 3668 τοῦ
763 3600 804 3682 ἡ
853 3599 1068 3667 οὐσία.
1151 3604 1294 3669 Huc
1339 3604 1515 3669 ducit
1562 3615 1626 3670 et
1671 3608 2062 3690 comparatio
2108 3604 2398 3671 locorum
2446 3603 2787 3669 simillimo-

572 3728 708 3772 rum
758 3707 963 3772 1053b
1003 3707 1119 3772 28:
1179 3700 1283 3772 ὅτι
1335 3708 1535 3772 τοῦτο
1588 3703 1752 3773 αὐτὸ
1797 3706 1841 3788 ἡ
1887 3703 2083 3797 φύσις
2127 3706 2363 3785 αὐτοῖ,
2424 3709 2636 3773 10546
2678 3709 2785 3771 lss:

574 3810 692 3875 καὶ
736 3802 1024 3886 οὐθενὸς
1064 3804 1265 3875 τοῦτό
1310 3806 1373 3892 y'
1413 3804 1577 3875 αὐτὸ
1623 3806 1665 3889 ἡ
1711 3807 1908 3899 φύσις
1950 3804 2027 3875 τὸ
2073 3815 2160 3889 ἕν,
2206 3819 2275 3875 et
2304 3809 2648 3876 Alexandri
2690 3831 2789 3874 ex-

575 3910 835 3998 plicatio
883 3936 946 3999 p.
976 3913 1275 4005 586‚,22=
1321 3915 1435 3978 καὶ
1480 3911 1599 3979 οὐκ
1644 3918 1714 3978 ἐν
1757 3908 1967 3997 τούτῳ
2011 3910 2189 3997 αὐτῷ
2231 3919 2304 3980 ἐν
2345 3915 2441 3996 τῷ
2484 3915 2583 3978 ἑνὶ
2627 3908 2790 3977 εἶναι

579 4012 907 4093 οὐσίωται,
945 4025 1010 4081 et
1038 4037 1196 4081 vero
1229 4017 1633 4082 Bessarionis
1661 4019 2138 4102 interpretatio:
2186 4038 2366 4082 «non
2401 4025 2611 4081 autem
2645 4015 2792 4077 hoc

575 4120 836 4203 ipsum
890 4118 1242 4185 substantia
1287 4124 1461 4185 eius
1507 4124 1655 4186 sit.»
1701 4158 1783 4172 -
1839 4121 2143 4205 Denique
2186 4121 2323 4185 012
2368 4142 2484 4184 cur
2525 4142 2595 4184 rs
2642 4119 2790 4182 omi·

577 4223 767 4287 serim
814 4230 966 4306 post
1009 4217 1204 4300 αὐτό,
1249 4244 1435 4308 quam
1480 4223 1854 4308 particulam
1904 4223 2222 4290 editiones
2267 4222 2512 4289 habent
2553 4241 2789 4297 omnes,

576 4327 842 4412 exposui
891 4323 1054 4391 Obs.
1105 4348 1171 4411 p.
1203 4325 1308 4390 18.
