3043 4973
515 206 614 285 64
1364 215 1441 285 A
1488 212 1557 286 3.
1632 211 1776 287 983
1795 212 1859 285 b.

515 408 653 455 rum
714 391 1093 477 cogitaverit
1135 388 1515 454 Aristoteles
1563 388 1824 455 dubium
1873 398 1986 454 est.
2076 387 2147 454 Si
2191 390 2332 475 quis
2379 387 2728 455 contulerit

514 492 677 558 Plat.
716 491 963 578 Cratyl.
1000 516 1062 580 p.
1093 493 1309 558 4021„
1355 488 1573 578 ὥσπερ
1621 484 1708 558 αὖ
1738 489 2030 581 Ὅμηρος
2067 486 2383 557 Ὠκεανόν
2424 516 2495 557 τε
2538 494 2727 558 θεῶν

511 599 765 682 γένεσίν
821 616 989 688 φησι
1043 598 1156 662 καὶ
1209 599 1462 682 μητέρα
1519 594 1793 678 Τηθύν*
1852 595 2040 683 οἶμαι
2094 597 2163 662 δὲ
2210 598 2323 662 καὶ
2370 592 2723 673 Ἡσίοδος*

477 702 683 785 ’λέγει
725 701 796 766 δέ
838 723 968 766 που
1011 703 1124 766 καὶ
1160 697 1461 792 Ὀρφεύς,
1505 696 1611 767 ὅτι

960 816 1223 883 Ὠκεανὸς
1244 821 1464 900 ,πρῶτος
1500 826 1812 895 καλλίρροος
1845 813 1962 893 ἦρξε
1997 820 2211 893 γάμοιο,

967 905 1025 968 ὅς
1061 911 1132 980 ῥα
1166 907 1481 979 κασιγνήτην
1519 908 1837 982 ὁμομήτορα
1872 908 2057 979 Τηθὺν
2095 904 2264 971 ὄπυιε,
2353 920 2360 923 ’

513 1009 596 1076 de
627 1010 898 1097 Orpheo
930 1022 995 1076 et
1023 1012 1311 1078 Hesiodo
1343 1017 1614 1101 cogitari
1642 1010 2070 1099 probabiliter
2107 1013 2425 1076 coniiciet.
2483 1009 2721 1095 Quam·

513 1136 696 1200 quam
740 1123 1074 1202 utrumque
1121 1117 1503 1182 dubitationi
1551 1117 1894 1182 obnoxium
1941 1125 2055 1180 est.
2124 1117 2369 1181 Versus
2401 1118 2567 1180 enim
2597 1115 2725 1181 Or-

510 1219 707 1306 phici,
752 1240 913 1304 quos
958 1219 1142 1283 Plato
1190 1221 1399 1300 affert,
1455 1241 1588 1284 non
1636 1219 1716 1285 ad
1761 1223 1965 1306 ipsum
2014 1223 2446 1307 generationis
2491 1220 2725 1305 princi-

509 1325 682 1409 pium
729 1325 1073 1407 pertinent,
1119 1324 1233 1388 sed
1284 1346 1318 1389 e
1361 1324 1571 1388 media
1619 1326 1752 1388 eius
1800 1317 2150 1411 theogonia
2196 1334 2343 1389 sunt
2386 1324 2593 1409 petiti,
2638 1320 2721 1385 cf.

508 1424 780 1490 Lobeck
821 1423 1137 1513 Aglaoph.
1184 1452 1248 1514 p.
1282 1430 1431 1493 508.
1504 1426 1780 1491 Braudis
1812 1427 2045 1492 Gesch.
2092 1429 2141 1493 Ι.
2187 1452 2250 1516 p.
2284 1430 2399 1503 62;
2445 1435 2726 1490 attamen

509 1551 700 1616 quum
744 1532 917 1593 varie
963 1529 1365 1596 traderentur
1409 1531 1694 1617 Orphica
1754 1530 1837 1596 de
1896 1533 2145 1619 origine
2201 1531 2424 1596 mundi
2470 1527 2725 1616 placita,

507 1654 644 1701 non
679 1632 959 1713 defuere,
996 1637 1102 1720 qui
1137 1656 1357 1720 aquam
1397 1652 1516 1722 pro
1553 1638 1869 1722 principio
1905 1638 2179 1722 positam
2219 1657 2358 1700 esse
2392 1634 2726 1710 referrent,

510 1736 589 1801 cf.
621 1737 781 1802 Lob.
817 1760 878 1824 p.
914 1738 1062 1803 484.
1130 1738 1402 1803 Brandis
1444 1763 1508 1825 p.
1541 1740 1646 1803 66.
1715 1740 1857 1803 Nec
1890 1743 2099 1804 minor
2134 1738 2448 1804 dubitatio
2484 1736 2566 1802 de
2591 1738 2726 1802 He-

506 1840 725 1920 siodo,
770 1860 955 1927 quem
1001 1864 1193 1907 unum
1250 1853 1504 1931 praeter
1551 1845 1895 1908 Homerum
1938 1845 2170 1929 respici
2213 1840 2390 1908 Alex.
2437 1840 2519 1906 ad
2563 1842 2625 1905 h.
2672 1840 2720 1906 1.

507 1955 755 2019 censet3
801 1944 1151 2011 Hesiodum
1192 1949 1652 2012 enim'constat
1691 1969 1823 2013 non
1864 1947 1943 2012 ab
1980 1969 2144 2033 aqua
2185 1945 2300 2012 sed
2337 1968 2374 2010 a
2419 1945 2578 2009 chao
2619 1966 2725 2031 re-

505 2068 644 2112 rum
691 2050 970 2113 omnium
1017 2053 1332 2138 originem
1371 2054 1720 2137 repetiisse.
1789 2050 2044 2136 Quodsi
2079 2053 2217 2137 quis
2250 2072 2389 2114 cum
2420 2048 2725 2136 Schweg-

504 2148 678 2229 lero,
737 2173 888 2215 usus
936 2155 1246 2238 opinione
1292 2174 1543 2233 eorum,
1605 2158 1711 2242 qui
1748 2151 1917 2241 χάος
1961 2176 1995 2219 a
2041 2155 2242 2219 verbo
2283 2154 2561 2239 χεῖσθαι
2604 2151 2726 2216 du-

507 2262 674 2318 ctum
718 2265 1133 2340 putaverunt,
1179 2259 1272 2320 sic
1317 2258 1586 2323 Hesiodi
1632 2258 1865 2345 placita
1910 2281 2050 2324 cum
2096 2257 2383 2323 doctrina
2428 2254 2720 2321 Thaletis

506 2357 848 2422 conciliare
892 2357 1158 2437 studeat,
1203 2363 1258 2423 is
1303 2382 1537 2426 vereor
1580 2383 1661 2426 ne
1706 2384 1830 2426 nec
1872 2384 2024 2428 vere
2068 2383 2191 2426 nec
2234 2383 2310 2426 ex
2355 2359 2720 2426 Aristotelis

504 2464 820 2526 sententia
866 2461 1160 2549 disputet,
1205 2465 1286 2530 cf.
1315 2464 1481 2531 Lob.
1519 2491 1585 2553 p.
1619 2468 1749 2532 472
1785 2490 1915 2553 sqq.
1982 2464 2112 2532 Sed
2161 2486 2292 2530 non
2341 2476 2454 2545 est,
2500 2466 2720 2529 curin

506 2585 644 2628 eam
686 2586 820 2629 rem
866 2566 1156 2632 subtilius
1204 2571 1618 2656 inquiramus;
1663 2570 1806 2636 fieri
1852 2574 2018 2635 enim
2064 2572 2273 2657 potuit
2306 2581 2378 2634 ut
2407 2570 2720 2633 Aristote-

502 2667 598 2733 les
646 2668 727 2734 de
772 2673 1218 2757 antiquissimis
1263 2676 1477 2758 poetis
1523 2677 1818 2740 universe
1853 2674 2106 2739 locutus
2141 2677 2245 2738 vix
2283 2683 2491 2740 certos
2526 2691 2724 2758 quos-

503 2771 648 2837 dam
693 2777 833 2860 ipse
877 2777 944 2838 iu
990 2785 1202 2840 mente
1245 2776 1526 2854 haberet,
1574 2779 1652 2842 cf.
1688 2778 1853 2844 Lob.
1891 2802 1952 2866 p.
1984 2778 2116 2843 488
2158 2787 2310 2858 not„
2356 2775 2460 2841 vel
2504 2796 2724 2840 recor-

505 2874 690 2941 datus
733 2876 844 2941 illa
888 2877 1216 2943 Platonica
1259 2878 1456 2944 verba
1504 2903 1541 2945 e
1587 2880 1863 2968 Cratylo
1913 2903 2064 2948 num
2110 2890 2281 2946 recte
2325 2880 2722 2945 adhibuisset

501 2978 687 3044 Plato
720 2980 1052 3066 Orpheum
1090 2991 1155 3046 et
1184 2983 1533 3048 Hesiodum
1570 2995 2003 3074 nonxcuraret.
2029 3024 2110 3037 —
2149 2985 2574 3050 Artificiosius
2608 2982 2728 3048 ad-

502 3082 705 3148 hibito
765 3083 1147 3174 syllogismo
1204 3108 1431 3173 aquam
1475 3109 1596 3173 pro
1640 3091 1956 3177 principio
2002 3111 2208 3154 rerum
2254 3091 2524 3175 positam
2570 3108 2718 3153 esse

499 3185 652 3251 inde
696 3187 995 3254 videntur
1038 3188 1290 3276 quidam
1337 3191 1746 3271 conclusisse,
1791 3193 1965 3279 quod
2010 3203 2246 3280 poetae
2290 3215 2410 3278 per
2444 3193 2717 3280 Stygem

501 3288 661 3354 deos
718 3291 960 3358 faciunt
1016 3297 1323 3372 iuranteS,
1379 3296 1492 3359 καὶ
1536 3288 1657 3360 τὸν
1702 3290 1902 3380 ὅρκον
1944 3297 2077 3361 τῶν
2120 3297 2305 3362 θεῶν
2347 3292 2522 3383 ὕδωρ
2557 3298 2713 3363 1231.

498 3392 736 3477 (Quod
781 3399 978 3481 ipsam
1012 3398 1298 3484 Stygem,
1343 3420 1461 3483 per
1490 3399 1798 3484 quam·dii
1827 3403 2054 3478 iurant,
2101 3394 2300 3487 ὅρκον
2332 3398 2714 3464 Aristoteles

499 3495 795 3581 appellat,
840 3503 1255 3585 antiquiorem
1299 3512 1556 3566 secutus
1602 3513 1702 3567 est
1745 3504 1929 3568 huius
1967 3502 2266 3567 vocabuli
2297 3504 2718 3592 significatio-

498 3620 660 3679 nem,
707 3600 905 3665 veluti
944 3603 1131 3666 Hom.
1177 3601 1248 3667 Il.
1297 3606 1424 3668 XV
1467 3608 1583 3670 37:
1642 3599 1914 3690 Στυγὸς
1958 3602 2162 3693 ὕδωρ,
2208 3602 2360 3672 ὅστε
2404 3610 2712 3691 μέγιστος

499 3698 694 3789 ὅρκος
751 3700 1128 3781 δεινότατός
1184 3729 1252 3770 τε
1297 3708 1476 3772 πέλει
1514 3705 1883 3794 μακάρεσσι
1927 3711 2181 3788 θεοῖσι,
2240 3709 2412 3796 apud
2460 3712 2710 3783 Atticos

495 3809 858 3892 scriptores,
905 3818 1206 3894 quantum
1246 3814 1400 3890 scio,
1436 3833 1568 3876 non
1607 3815 1916 3877 usitatam.
1990 3813 2093 3880 Cf.
2126 3817 2474 3879 Buttmann
2505 3813 2706 3879 Lexil.

495 3910 576 3975 11.
622 3933 682 3995 p.
715 3912 802 3975 52
846 3918 1021 3998 sqq.)
1111 3913 1320 3999 Atque
1363 3918 1417 3979 is
1463 3916 1896 4003 syllogismuS,
1941 3939 2125 4004 quem
2172 3917 2552 3983 Aristoteles
2598 3916 2712 3981 ad-

494 4006 696 4091 hibet,
752 4023 824 4077 ut
866 4036 1041 4080 suam
1088 4015 1322 4082 habeat
1363 4022 1486 4081 vim
1535 4041 1700 4083 neve
1744 4023 1812 4084 iu
1857 4020 2136 4086 secunda
2180 4021 2390 4110 figura
2437 4044 2510 4086 ex
2554 4021 2711 4087 dua-

493 4114 613 4181 bus
657 4118 1213 4203 propositionibus
1252 4120 1639 4186 affirmativis
1681 4123 1980 4188 concludi
2016 4124 2168 4209 quid
2205 4125 2513 4203 videatur,
2558 4147 2709 4211 pro·

494 4222 658 4284 tasiu
702 4223 1002 4286 maiorem
1049 4232 1226 4287 recte
1272 4223 1635 4290 Alexander
1678 4239 1897 4292 monet
1938 4250 2000 4314 p.
2043 4229 2149 4304 21,
2195 4231 2236 4292 6
2280 4251 2398 4315 per
2440 4249 2708 4296 conver-

493 4326 738 4389 sionem
782 4325 1128 4410 simplicem
1173 4329 1239 4392 iu
1284 4328 1450 4392 hanc
1493 4350 1632 4395 esse
1675 4331 1942 4398 formam
1987 4331 2432 4422 redigendam:
2484 4327 2561 4398 τὰ
2605 4357 2712 4399 τι·
