3043 4973
532 251 678 327 548
1133 344 1142 349 ,
1345 250 1563 327 M7.
1648 249 1916 326 108112.

537 432 746 496 mola
787 431 911 509 14)
968 451 1090 496 nec
1147 438 1363 517 potest
1417 433 1663 516 prima
1724 427 1850 495 dici
1908 426 2032 510 (οὐ
2083 422 2214 516 γὰρ
2263 428 2447 496 ἔσται
2491 426 2534 509 ἡ
2578 421 2743 506 δυὰς

534 529 757 619 πρώτη
794 535 992 615 a21).
1038 571 1126 583 -
1176 534 1358 599 Duas
1401 533 1654 599 videtur
1701 533 1806 598 Ar.
1853 537 2431 621 argumentationes
2477 535 2744 597 coniun-

533 658 707 727 gere,
742 637 1093 716 ‹123-25,
1129 638 1265 702 ⁶25
1311 639 1532 702 ἔπειτα
1577 673 1660 687 -
1700 639 1807 716 29,
1851 636 1967 701 sed
2012 659 2084 701 re
2129 659 2280 704 vera
2325 637 2392 702 id
2440 635 2613 722 quod
2657 636 2741 701 ab

534 743 715 806 initio
750 739 1309 806 demonstrandum
1345 743 1559 826 ponit:
1605 737 1723 805 οὐκ
1759 741 1945 805 ἔσται
1983 737 2023 819 ἡ
2064 736 2224 816 δυὰς
2261 735 2502 827 πρώτη,
2542 738 2741 804 altera

533 844 783 910 demum
827 853 1010 930 parte
1054 843 1458 930 comprobat3
1503 847 1725 930 priore
1770 853 1978 910 autem
2024 854 2209 930 parte
2255 847 2432 930 quasi
2473 865 2588 931 per
2631 865 2743 928 pa-

531 949 857 1014 renthesin
903 956 1138 1026 monet,
1188 948 1557 1013 Platonicos
1605 957 1778 1012 certe
1822 968 2123 1013 numeros
2169 969 2305 1012 non
2351 969 2491 1012 esse
2536 969 2610 1011 ex
2654 967 2741 1011 eo

535 1050 711 1139 quod
757 1051 1089 1137 descripsit
1131 1073 1399 1139 genere,
1444 1050 1558 1116 sed
1605 1049 1895 1138 singulos
1941 1073 2230 1138 quosque
2277 1050 2743 1115 consociabiles

533 1159 703 1221 inter
746 1177 815 1220 se
860 1153 1101 1219 habere
1136 1157 1429 1220 unitates·
1503 1153 1648 1240 Ipsa
1686 1163 1911 1233 autem,
1958 1176 2119 1241 quae
2150 1153 2348 1218 altera
2379 1163 2560 1239 parte
2591 1174 2745 1218 con-

533 1263 789 1339 tiuetur,
835 1261 1299 1348 argumentatio
1348 1280 1384 1323 e
1428 1261 1701 1324 notione
1737 1259 1858 1323 τοῦ
1892 1253 2154 1346 πρώτου
2188 1260 2460 1345 repetita
2500 1267 2611 1337 est,
2653 1255 2743 1321 de

534 1384 659 1452 qua
705 1364 785 1428 cf.
832 1362 914 1428 ad
951 1367 1053 1431 ⁶2.

666 1470 750 1549 2)
798 1469 1007 1534 1081α
1042 1468 1394 1534 29—b10.
1471 1468 1616 1548 (De
1663 1466 2055 1534 emendanda
2103 1466 2509 1533 distinctione
2554 1469 2743 1553 primi

536 1575 870 1651 enunciati,
909 1573 1045 1637 ‹129
1090 1574 1183 1636 ἔτι
1226 1564 1448 1652 ἐπειδὴ
1496 1610 1578 1624 -
1624 1574 1712 1640 35
1757 1569 2044 1649 τούτους,
2089 1575 2265 1638 cuius
2307 1571 2610 1660 apodosis
2646 1574 2742 1635 in-

534 1675 831 1764 cipienda
876 1685 974 1743 est
1018 1698 1055 1739 a
1099 1685 1260 1761 part.
1301 1671 1464 1741 ὥστε
1501 1679 1657 1757 α32,
1706 1679 1970 1763 exposui
2001 1676 2162 1743 obs.
2194 1701 2255 1763 p.
2278 1678 2426 1756 23.)
2500 1676 2570 1740 Si
2603 1678 2741 1739 uni-

534 1791 698 1847 tates
743 1790 1073 1867 ponuntur
1118 1799 1338 1845 omnes
1381 1780 1937 1859 inconsociabileS,
1979 1783 2179 1866 prima
2216 1791 2494 1867 ponetur
2526 1782 2739 1843 unitas

534 1878 699 1950 αὐτὸ
743 1879 822 1949 τὸ
858 1889 944 1964 ἕν,
991 1883 1226 1949 deinde
1263 1884 1480 1964 altera,
1517 1907 1680 1971 quae
1719 1894 1815 1949 est
1854 1884 2174 1950 dualitatis
2213 1888 2407 1970 prior,
2450 1894 2579 1948 tum
2617 1892 2743 1946 ter-

533 1992 636 2069 tia,
681 2009 844 2074 quae
890 1998 987 2054 est
1026 1987 1348 2054 dualitatis
1377 1988 1594 2067 altera,
1639 1986 1942 2072 deinceps
1988 1999 2226 2073 quarta,
2272 2009 2434 2074 quae
2478 1996 2574 2051 est
2615 1996 2742 2050 ter·
2862 2052 2871 2057 ,

531 2095 691 2160 narii
721 2094 970 2157 numeri
996 2095 1215 2178 prima,
1261 2102 1325 2156 et
1364 2092 1610 2175 reliqua
1651 2091 1921 2157 eundem
1962 2095 2028 2154 in
2066 2090 2342 2156 modum.
2414 2090 2497 2155 At
2525 2093 2610 2154 ita
2642 2112 2741 2154 re-

530 2217 752 2261 cusare
786 2217 918 2260 non
958 2206 1248 2282 possunt,
1284 2198 1437 2281 quin
1468 2216 1544 2259 ex
1579 2197 1822 2259 unitate
1858 2191 2064 2259 αὐτοῦ
2093 2195 2213 2259 τοῦ
2249 2191 2397 2271 ἑνός
2427 2205 2492 2259 et
2519 2197 2738 2280 priore

532 2298 856 2366 dualitatis
901 2302 1143 2365 unitate
1192 2301 1445 2364 exsistat
1488 2297 1776 2378 dualitaS,
1821 2296 2044 2363 idealis
2075 2300 2361 2363 nimirum
2394 2309 2465 2363 ut
2496 2321 2572 2364 ex
2602 2301 2736 2363 uni-

531 2403 770 2469 tatibus
825 2395 1433 2469 inconsociabilibus
1480 2405 1862 2490 composita,
1924 2411 2072 2466 ante
2114 2405 2346 2489 ipsam,
2396 2425 2581 2489 qnam
2624 2423 2739 2468 vo-

530 2508 672 2574 lunt
728 2507 902 2588 fieri,
960 2508 1323 2575 dualitatem
1369 2506 1668 2585 idealem‚
1731 2516 1796 2571 et
1841 2506 2068 2573 eodem
2112 2506 2310 2573 modo
2355 2507 2583 2593 reliqui
2624 2525 2738 2573 nu-

530 2616 689 2679 meri
732 2612 893 2679 fiant
937 2624 1084 2679 ante
1129 2636 1199 2679 se
1242 2615 1381 2700 ipsi,
1424 2611 1779 2676 ‹129-35,
1873 2610 2083 2696 Quam
2142 2609 2596 2676 absurditatem
2653 2633 2736 2676 ne

529 2719 764 2783 iniuria
807 2717 1102 2783 videatur
1145 2717 1499 2784 obtrusisse
1533 2715 1898 2793 Platonicis,
1936 2716 2275 2780 confessus
2312 2720 2625 2781 neminem
2661 2737 2739 2780 ex

527 2824 608 2887 iis
652 2824 739 2887 ita
786 2825 1109 2887 censuisse
1154 2821 1235 2886 de
1276 2821 1627 2887 unitatibus
1667 2840 2073 2885 numerorum
2111 2818 2425 2896 idealium,
2472 2843 2546 2885 ex
2580 2823 2734 2907 ipsis

528 2934 742 2990 tamen
802 2946 1020 2990 eorum
1079 2929 1405 3013 principiis
1464 2934 1962 2991 consentaneum
2013 2945 2154 2989 esse
2198 2927 2294 2989 sic
2336 2927 2525 2990 statui
2568 2945 2736 2988 com-

527 3027 779 3116 probat,
822 3030 1174 3094 a35—b1.
1265 3029 1480 3116 Quum
1542 3032 1706 3094 enim
1751 3032 2073 3115 primam
2122 3039 2370 3116 ponant
2413 3031 2734 3105 unitatem,

529 3135 853 3221 primam
912 3132 1276 3199 dualitatem
1335 3143 1402 3198 et
1454 3135 1547 3197 sic
1601 3132 1883 3219 reliquos
1942 3154 2238 3197 numeros
2292 3138 2619 3221 primOS,
2677 3133 2733 3196 si

529 3240 794 3302 omnino
838 3237 1070 3303 volunt
1111 3238 1494 3303 vocabulum
1541 3240 1776 3325 primi
1821 3259 1995 3301 suam
2042 3237 2280 3303 babere
2318 3240 2444 3303 vim
2482 3260 2568 3302 ac.
2593 3258 2733 3301 sen-

528 3343 809 3421 tentiam,
855 3340 1091 3432 alteros
1137 3345 1323 3407 etiam
1369 3366 1445 3407 ac
1489 3344 1710 3408 tertios
1755 3362 2052 3406 numeros
2097 3342 2455 3407 concedere
2500 3362 2733 3430 cogen-

529 3454 648 3523 tur,
693 3466 857 3531 quos
900 3468 1037 3511 non
1078 3446 1309 3512 volunt
1350 3468 1506 3525 esse,
1545 3447 1802 3523 111—-6,
1843 3447 2105 3511 8-10.
2181 3445 2409 3531 (Quae
2449 3448 2733 3531 interpo—

526 3550 624 3613 nit
653 3549 763 3613 Ar.
799 3551 883 3614 ⁶6
922 3544 1064 3636 ἅμα
1102 3588 1184 3600 --
1222 3552 1264 3615 8
1301 3545 1651 3627 ἀδύνατον,
1694 3570 1828 3613 non
1873 3542 2173 3613 videntur
2214 3548 2297 3614 ad
2336 3553 2534 3635 ipsam
2569 3551 2733 3614 hanc

526 3655 1137 3742 argumentationem
1192 3656 1543 3741 pertinere,
1599 3651 1714 3717 sed
1763 3664 1982 3718 monet
2024 3653 2132 3717 Ar.
2178 3657 2232 3718 si
2277 3656 2416 3740 quis
2459 3662 2609 3738 post
2650 3646 2731 3718 τὸ

526 3754 764 3823 αὐτοέν
805 3760 1079 3823 unitates
1125 3767 1327 3843 ponat
1369 3760 1631 3843 primam
1678 3766 1744 3821 et
1785 3755 2126 3822 secundam
2173 3766 2321 3836 cet„
2384 3778 2524 3822 eum
2572 3777 2731 3822 sane

528 3860 892 3927 dualitatem
929 3883 1064 3927 non
1094 3882 1287 3948 posse
1323 3860 1537 3926 dicere
1573 3864 1852 3948 primam,
1889 3861 1967 3925 cf.
2005 3860 2085 3924 ad
2123 3863 2522 3942 a25—29.)
2579 3860 2730 3946 Qua

523 3966 594 4029 in
637 3965 1126 4032 ratiocinatione
1164 3974 1371 4031 utrum
1410 3964 1709 4030 abutatur
1741 3967 1846 4029 Ar.
1882 3963 2198 4029 vocabulo
2234 3967 2509 4052 πρῶτος,
2551 3987 2731 4029 usur-

525 4077 681 4156 pato
727 4089 766 4133 a
809 4067 1156 4137 Platonicis
1211 4069 1293 4135 ad
1348 4066 1836 4159 significandum
1892 4066 1984 4147 id,
2042 4066 2216 4153 quod
2257 4090 2376 4154 per
2418 4090 2489 4133 se
2533 4072 2616 4133 sit
2662 4077 2732 4133 et

524 4170 838 4251 absolute,
891 4195 972 4238 an
1016 4177 1139 4261 ipsi
1183 4173 1497 4239 Platonici
1542 4173 1693 4239 huic
1735 4174 2228 4257 consequentiae
2272 4194 2487 4236 ansam
2534 4171 2731 4237 dede-

523 4277 680 4356 rint,
738 4275 1003 4342 difficile
1048 4284 1148 4341 est
1192 4275 1568 4355 decernere,
1623 4299 1815 4365 quum
1872 4278 2300 4364 impugnatam
2346 4279 2728 4344 sententiam

524 4401 658 4448 non
703 4380 963 4448 aliunde
1006 4382 1371 4450 noverimus
1414 4382 1542 4448 nisi
1587 4402 1665 4446 ex
1706 4391 1869 4449 teste
1910 4379 2296 4447 adversario.
