3043 4973
1039 267 1044 270 ’
1159 268 1339 343 ΕΖ
1423 270 1693 345 1027α.
2380 274 2534 351 289

315 444 386 511 id
441 448 817 533 principium
877 456 974 510 est
1029 456 1094 511 et
1151 468 1226 512 ea
1285 469 1473 512 causa
1523 459 1594 513 ut
1635 451 1720 513 sit
1765 452 2028 516 omnino
2073 446 2151 517 τὸ
2197 451 2532 536 συμβεβη-

314 545 451 626 κός.
498 586 586 598 —-
633 552 760 614 ⁵31
807 543 848 614 ὃ
893 542 1021 635 γὰρ
1067 543 1154 615 ἂν
1197 540 1240 641 ᾗ
1280 548 1434 633 μητ’
1474 549 1581 617 ἀεὶ
1622 552 1757 617 κτλ.
1847 553 2081 619 Iisdem
2137 577 2345 641 prope
2389 578 2531 621 ver-

314 652 418 719 bis
462 646 584 733 τὴν
625 648 828 736 τίχην
881 652 1183 718 describit
1227 654 1418 741 Phys.
1464 656 1526 719 11
1571 658 1632 720 5.
1681 659 1840 722 19δό
1883 658 1996 737 12,
2054 658 2133 722 cf.
2181 661 2346 745 Top.
2392 658 2435 724 l.
2482 659 2524 725 l.

315 758 443 823 An.
479 767 645 844 post.
685 759 715 821 1
749 758 854 837 30,
899 767 1088 843 atque
1132 757 1297 823 idem
1345 759 1700 845 exemplum
1736 763 2057 846 χειμῶνος
2100 763 2206 828 ἐπὶ
2249 765 2395 830 κυνί
2439 764 2530 828 af-

287 861 444 927 ⁸fert
488 861 681 947 Phys.
727 861 788 924 11
832 864 892 926 8.
942 864 1107 927 199«
1150 865 1208 927 1.

452 967 728 1030 1⁰27a4
774 959 903 1029 διὸ
950 965 1253 1049 συνέβη
1298 1002 1384 1014 -
1433 969 1517 1032 19
1563 969 1983 1033 σκεπτέον.
2058 968 2364 1054 Exposita
2409 972 2527 1037 τοῦ

313 1064 809 1153 συμβεβηκότος
864 1078 1092 1133 natura
1148 1091 1225 1133 ac
1281 1073 1555 1136 notione
1598 1069 1681 1135 de
1728 1072 1867 1135 eius
1912 1073 2119 1136 causis
2167 1072 2418 1139 disserit
2463 1085 2528 1139 et

310 1169 487 1236 unde
531 1193 673 1236 esse
718 1193 788 1236 re
839 1194 989 1237 vera
1048 1170 1463 1256 συμβεβηκός
1518 1184 1949 1262 cognoscatur
2001 1175 2349 1263 significan
2409 1175 2530 1242 sed

309 1275 474 1339 haec
513 1274 767 1361 quidem
812 1279 900 1341 ita
944 1287 1095 1341 sunt
1138 1275 1475 1362 disputata,
1524 1289 1611 1356 ut,
1656 1277 1808 1342 licet
1843 1281 2158 1344 sententia
2194 1284 2525 1366 scriptoris

307 1400 448 1444 non
491 1382 574 1444 sit
617 1378 825 1460 dubia,
870 1391 1081 1446 tamen
1125 1383 1358 1446 iustum
1402 1380 1825 1446 ratiocinandi
1871 1380 2164 1447 ordinem
2205 1382 2526 1449 desidere-

306 1504 468 1547 muS.
525 1479 649 1561 διό,
682 1487 903 1569 inquit,
937 1486 1183 1568 συνέβη
1215 1489 1457 1575 φαμέν,
1490 1486 1605 1551 καὶ
1640 1486 1817 1553 &cr-rav
1852 1480 1939 1559 ὥς
1972 1494 2162 1563 ποιεῖ,
2202 1483 2425 1563 ἁπλῶς
2454 1482 2518 1551 δ’

305 1586 412 1667 (h.
446 1608 499 1651 e.
548 1597 859 1673 quatenus
904 1599 1001 1653 est
1045 1585 1413 1678 ὀψοποιός)
1459 1586 1540 1653 οὐ
1583 1595 1773 1653 ποιεῖ.
1850 1588 2016 1652 Hinc
2059 1597 2205 1673 apte
2250 1587 2332 1652 ad
2381 1611 2526 1656 cau-

306 1711 442 1755 sam
477 1690 860 1756 efficientem
893 1691 1237 1758 accidentis
1272 1694 1521 1757 transit:
1570 1692 1699 1756 τῶν
1741 1691 1862 1775 μὲν
1893 1685 2022 1777 γὰρ
2058 1685 2279 1757 ἄλλων
2316 1694 2524 1758 ἐνίοτε

306 1789 619 1879 δυνάμεις
663 1796 786 1860 εἰσὶ
835 1833 915 1847 -
964 1793 1308 1883 ὡρισμένη.
1396 1796 1609 1882 Atque
1653 1794 1814 1859 haec
1857 1792 2114 1881 quidem
2157 1794 2354 1860 verba
2396 1817 2524 1862 ma-

304 1898 546 1964 nifesto
592 1897 995 1964 librariorum
1041 1922 1262 1966 errore
1306 1899 1654 1987 depravata
1698 1909 1875 1975 sunt;
1936 1920 2152 1964 earum
2212 1902 2378 1964 enim
2423 1921 2524 1967 re-

304 2022 478 2080 rum,
535 2024 699 2088 quae
741 2002 848 2068 vel
892 2007 1256 2070 necessario
1301 2003 1409 2069 vel
1451 2001 1827 2089 plerumque
1871 2001 2064 2079 fiunt,
2120 2023 2256 2068 non
2315 2002 2525 2070 solum

304 2104 646 2185 interdum,
690 2109 915 2186 ἐνίοτε,
961 2120 1170 2174 certae
1217 2129 1291 2172 ac
1335 2106 1637 2172 definitae
1667 2116 1815 2172 sunt
1845 2126 2089 2185 causae,
2134 2104 2248 2170 sed
2284 2110 2522 2192 utique.

303 2210 540 2295 Neque
586 2209 757 2296 apud
806 2209 1228 2278 Alexandrum
1274 2210 1381 2276 vel
1424 2210 1791 2296 Asclepium
1843 2209 2043 2275 ullum
2088 2213 2370 2295 reperias
2417 2231 2524 2276 ve-

304 2316 581 2402 stigium,
627 2314 799 2380 unde
844 2337 960 2381 eos
1004 2318 1209 2381 ἐνίοτε
1253 2318 1324 2380 in
1356 2324 1534 2380 textu
1569 2314 1865 2379 habuisse
1904 2313 2283 2389 concludas.
2328 2317 2520 2380 immo

304 2420 365 2482 si
410 2417 752 2483 Alexandri
795 2418 992 2484 verba
1038 2443 1101 2506 p.
1138 2421 1283 2498 417,
1330 2421 1415 2484 19
1461 2418 1829 2499 contuleris,
1874 2416 2276 2484 scribendum
2325 2419 2524 2484 conii-

304 2524 465 2587 cias:
524 2524 654 2589 τῶν
709 2525 829 2606 μὲν
871 2517 1003 2611 γὰρ
1060 2522 1279 2590 ἄλλων
1335 2525 1606 2588 αἰτίαι
1663 2546 1745 2588 τε
1800 2525 1936 2589 καὶ
1986 2516 2294 2606 δυνάμεις
2340 2523 2521 2600 εἰσίν,

303 2648 472 2713 quae
532 2626 892 2692 emendatio
949 2629 1003 2692 si
1060 2649 1198 2692 non
1253 2630 1451 2713 ipsam
1499 2624 1861 2691 Aristotelis
1922 2647 2173 2690 manum
2230 2625 2521 2703 restituit,

299 2740 515 2818 aptam
576 2742 747 2796 certe
813 2730 1013 2796 efficit
1070 2735 1447 2796 sententiam
1508 2740 1575 2794 et
1636 2751 1773 2793 eam
1833 2732 2319 2795 convenientem
2380 2750 2522 2794 cum

296 2834 514 2900 verbis
556 2838 857 2922 proximis
894 2839 1018 2901 a7=
1063 2836 1195 2900 τῶν
1236 2829 1366 2922 γὰρ
1410 2826 1583 2899 κατὰ
1627 2829 2042 2919 συμβεβηκός
2071 2869 2156 2882 -
2188 2832 2523 2917 συμβεβη-

297 2934 434 3016 κός.
526 2938 653 3004 Sed
702 2942 945 3004 etiamsi
988 2939 1154 3003 hanc
1196 2939 1504 3004 maculam
1551 2937 2048 3016 absterserimus,
2092 2957 2225 3001 non
2274 2936 2523 3002 tollitur

297 3052 648 3130 propterea
687 3043 989 3130 perplexa
1026 3042 1507 3132 argumentandi
1544 3045 1728 3121 ratio,
1772 3064 1937 3129 quae
1970 3043 2036 3105 in
2073 3044 2366 3126 sequenti
2397 3039 2522 3106 dis-

297 3148 654 3233 putationis
695 3159 876 3233 parte
927 3151 1217 3212 cernitur.
1301 3149 1466 3213 Nam
1509 3156 1844 3232 postquam
1893 3144 2313 3210 accidentium
2359 3147 2521 3209 acci-

182 3234 197 3248 ’
300 3249 593 3314 dentales
641 3255 826 3315 etiam
874 3273 1095 3316 causas
1143 3273 1285 3317 esse
1331 3251 1500 3328 dixit,
1544 3253 1893 3336 proximam
1932 3249 2444 3312 enunciationem
2482 3267 2519 3310 a

296 3353 609 3440 particula
669 3350 832 3419 ὥστε
893 3354 1167 3432 orditur,
1226 3365 1297 3420 ut
1348 3352 1737 3419 concludere
1779 3352 2101 3429 videatur,
2160 3371 2323 3436 quae
2369 3347 2520 3415 inde

299 3468 803 3543 consequantur3
848 3457 1091 3523 sed'eo
1136 3460 1352 3544 potius
1395 3460 1636 3536 transit,
1680 3467 1755 3521 ut
1798 3453 2202 3522 statuendum
2249 3476 2393 3519 esse
2428 3453 2522 3519 di-

299 3570 421 3639 cat,
464 3571 720 3647 praeter
764 3583 841 3625 ea
886 3583 1048 3646 quae
1092 3560 1464 3648 plerumque
1509 3560 1676 3626 fiunt
1716 3559 1861 3626 fieri
1898 3558 2021 3624 alia
2060 3557 2368 3645 quaedam
2403 3579 2521 3644 per

297 3664 624 3744 accidens,
680 3670 805 3731 nisi
861 3667 1031 3732 forte
1088 3686 1334 3752 ponere
1388 3668 1525 3751 quis
1571 3663 1851 3729 voluerit
1895 3666 2108 3728 omnia
2153 3665 2518 3729 necessario

295 3768 461 3835 fieri.
551 3770 811 3835 Deinde
856 3765 1061 3852 (ὥστε
1107 3767 1149 3849 ἡ
1193 3764 1317 3848 ὕλη
1360 3769 1495 3833 κτλ.
1544 3771 1724 3850 013)
1779 3770 2104 3833 materiam
2159 3767 2241 3833 ad
2286 3777 2520 3832 utrum-

300 3894 427 3958 que
471 3876 713 3959 pariter
756 3883 964 3960 aptam
1012 3894 1262 3938 causam
1310 3894 1452 3937 esse
1490 3870 1908 3937 accidentium
1944 3870 2280 3959 significat.
2353 3874 2519 3936 Tum

297 3978 527 4040 iterum
575 3977 782 4056 docet,
827 3977 1000 4042 unde
1049 3986 1494 4065 cognoscatur,
1548 3997 1690 4040 esse
1733 3998 1804 4040 re
1849 3997 2000 4040 vera
2046 3973 2355 4061 quaedam
2402 3997 2520 4061 per

299 4078 628 4160 accidenS,
698 4080 872 4166 quod
933 4079 1102 4146 idem
1159 4081 1484 4166 copiosius
1546 4079 1940 4144 demonstrat
1996 4077 2079 4143 de
2134 4081 2392 4164 interpr.
2453 4081 2516 4143 9.

294 4184 489 4248 Hunc
534 4184 786 4270 quidem
833 4187 1287 4250 sententiarum
1332 4182 1624 4249 ordinem
1667 4181 2063 4270 significasse
2102 4185 2253 4247 satis
2292 4192 2418 4259 est,
2449 4192 2520 4246 ut

296 4309 443 4352 eum
492 4310 614 4353 nec
658 4301 871 4375 aptum
918 4311 1040 4355 nec
1084 4291 1314 4355 iustum
1363 4309 1504 4352 esse
1550 4298 1872 4374 appareat.
1941 4285 2201 4373 Aliquid
2234 4297 2404 4350 certe
2435 4284 2518 4350 ad

292 4391 762 4457 restituendum
819 4392 1143 4459 meliorem
1200 4390 1493 4457 ordinem
1534 4391 1868 4492 profifias,
1924 4393 1981 4456 si
2022 4413 2127 4454 vv.
2169 4392 2305 4455 «113
2351 4383 2516 4454 ὥστε

385 4497 593 4552 Aristot.
620 4499 840 4567 metaph.
866 4499 947 4550 ed.
972 4497 1155 4552 Bonita
1178 4498 1293 4551 Vol.
1317 4498 1379 4549 H.
2045 4496 2111 4549 19
