3043 4973
547 234 695 308 256
1354 234 1423 304 A
1480 229 1589 304 12.
1676 228 1945 303 luzum.

550 407 920 497 accipienda
977 417 1103 487 est,
1159 407 1236 472 cf.
1279 408 1513 472 Waitz
1555 407 1719 493 Org.
1768 407 1884 470 11⁶
1926 406 2056 484 34)
2100 405 2463 470 necessario
2512 414 2613 467 est
2652 424 2762 466 ve-

548 537 714 590 runn
758 511 1070 601 possibile
1113 532 1272 575 vero
1317 509 1401 588 id,
1448 513 1627 575 cuius
1662 511 2052 573 contrarium
2086 530 2223 574 non
2262 518 2362 573 est
2394 508 2759 572 necessario

547 616 789 697 falsum,
835 621 971 682 sive
1018 618 1193 680 cuius
1241 636 1317 679 ea
1362 624 1460 678 est
1502 622 1745 689 natura,
1790 621 1861 677 ut
1896 615 2279 677 contrarium
2315 609 2503 675 simul
2538 608 2764 674 admit-

545 731 747 797 τοίως
804 720 886 785 cf.
930 719 1013 785 de
1056 723 1321 804 interpr.
1368 719 1471 782 13.
1563 720 1650 782 Et
1703 716 1861 781 haec
1911 714 2163 801 quidem
2208 717 2359 778 satis
2402 716 2764 799 perspicua,

547 823 666 889 sed
722 844 906 909 quam
964 820 1200 887 deinde
1244 823 1515 886 instituit
1563 819 2001 907 possibilitatis
2046 818 2454 895 divisionem,
2498 818 2631 881 ⁶3⁰
2681 809 2763 880 τὸ

546 930 669 1013 μὲν
714 917 834 992 οὖν
879 963 962 978 -
1006 929 1094 992 33
1138 922 1394 1004 ἀληθὲς
1438 922 1632 1003 εἶναι,
1692 946 1767 989 ea
1823 923 1969 1010 plus
2026 942 2151 986 una
2208 924 2456 987 ratione
2509 918 2761 984 dubita-

548 1032 791 1096 tionem
834 1038 1069 1093 movet.
1141 1029 1351 1113 Quam
1399 1031 1566 1093 enim
1612 1030 1818 1114 primo
1863 1026 2015 1090 loco
2059 1026 2246 1110 ponit
2288 1022 2760 1088 definitionem:

548 1125 628 1197 τὸ
673 1124 766 1216 μὴ
811 1128 880 1209 ἐξ
925 1125 1216 1214 ἀνάγκης
1255 1133 1533 1221 ψεῦδος,
1591 1154 1663 1196 ea
1708 1149 2105 1216 nequaquam
2150 1130 2461 1204 concinit,
2506 1135 2577 1190 ut
2617 1123 2760 1189 vult

550 1233 956 1313 Aristoteles,
1002 1255 1144 1298 cum
1188 1256 1292 1312 ea,
1340 1255 1526 1320 quam
1572 1245 1759 1299 antea
1806 1235 2127 1319 exposuit,
2178 1252 2369 1316 quum
2415 1228 2572 1294 dixit
2616 1248 2755 1292 esse

551 1337 788 1423 aliquid
834 1334 1143 1423 possibile
1188 1331 1352 1401 ὅταν
1393 1332 1487 1420 μὴ
1533 1333 1900 1421 ἀναγκαῖον
1941 1326 1981 1425 ᾖ
2024 1328 2116 1398 τὰ
2162 1334 2552 1399 ἐναντίον
2594 1333 2759 1420 ψεῦ-

550 1440 666 1516 δος
709 1435 893 1518 εἶναι,
939 1460 1308 1525 quamquam
1354 1449 1692 1526 utrumque
1735 1443 1803 1504 in
1850 1436 2115 1504 eandem
2160 1433 2600 1522 possibilitatis
2645 1453 2760 1497 no·

433 1615 445 1638 ·,
549 1546 790 1608 tionem
837 1541 1066 1607 cadere
1111 1542 1550 1607 confitendum
1596 1564 1750 1608 sane
1797 1552 1908 1606 est.
1981 1539 2246 1607 Deinde
2284 1537 2461 1625 quod
2508 1538 2760 1602 notioni

548 1647 670 1711 τοῦ
726 1646 1013 1711 δυνατοῦ
1066 1650 1254 1711 etiam
1310 1646 1623 1711 subsumit
1662 1637 1740 1710 τὰ
1786 1640 2042 1723 ἀληθὲς
2086 1639 2253 1709 εἶναι
2295 1646 2463 1727 (qua
2507 1640 2759 1727 quidem

546 1751 617 1814 in
663 1747 935 1813 formula
979 1748 1331 1813 infinitivus
1376 1746 1544 1814 εἶναι
1587 1769 1928 1834 suspensus
1965 1757 2065 1811 est
2100 1768 2138 1810 a
2174 1766 2318 1810 voc.
2356 1742 2635 1824 ἀληθές,
2679 1743 2758 1807 cf.

549 1847 807 1931 ἀληθὲς
849 1857 1051 1917 εἰπεῖν
1095 1850 1176 1916 ad
1218 1851 1291 1915 A
1335 1852 1397 1916 8.
1440 1853 1604 1918 9891>
1652 1853 1721 1929 7,
1780 1843 2063 1917 δυνατὸν
2110 1846 2279 1914 εἶναι
2320 1850 2552 1912 Waitz
2597 1848 2757 1934 Org.

548 1956 675 2020 22ae
711 1955 864 2033 14),
921 1953 1275 2040 probabilis
1335 1956 1590 2040 quidem
1649 1965 1714 2019 et
1754 1957 2092 2042 ingeniosa
2135 1962 2236 2017 est
2279 1950 2622 2036 Alexandri
2668 1953 2762 2014 in-

550 2060 955 2143 terpretatio,
1012 2078 1139 2142 qua
1199 2056 1469 2144 explicat
1517 2056 1844 2144 quomodo
1892 2056 1958 2121 id
2005 2056 2178 2142 quod
2223 2076 2374 2121 vere
2419 2076 2560 2120 esse
2610 2054 2762 2119 dici-

549 2169 654 2223 tur
696 2159 1096 2245 possibilium
1149 2163 1217 2224 in
1266 2182 1594 2226 numerum
1636 2161 1975 2225 referatur:
2035 2157 2132 2238 εἴη
2179 2155 2237 2224 δ’
2276 2153 2363 2224 ἂν
2403 2159 2601 2223 τοῦτο
2646 2160 2762 2242 μέ-

550 2280 675 2326 σον
730 2263 850 2327 τοῦ
902 2257 1068 2345 μήτε
1125 2259 1493 2346 ἀναγκαίου
1549 2258 1717 2328 εἶναι
1770 2258 1935 2347 μήτε
1990 2259 2360 2346 ἀναγκαίου
2415 2253 2507 2345 μὴ
2564 2257 2761 2325 εἶναι·

548 2365 662 2429 καὶ
706 2361 806 2443 εἴη
843 2358 930 2428 ὀὲν
961 2358 1037 2430 τὸ
1073 2367 1307 2450 κυρίως
1336 2368 1452 2432 καὶ
1485 2367 1667 2441 ἰδίως
1694 2362 1993 2453 ὑπάρχον
2024 2362 2380 2449 λεγόμενον
2417 2388 2481 2450 p.
2507 2365 2657 2442 358,
2691 2365 2732 2428 7
2743 2387 2762 2439 ς

549 2466 666 2534 sed
725 2466 925 2533 nihilo
982 2470 1190 2534 secius
1245 2471 1405 2534 mira
1461 2479 1560 2535 est
1613 2468 1772 2535 haec
1817 2468 2258 2555 possibilitatis
2304 2477 2370 2533 et
2414 2467 2761 2553 descriptio

550 2581 617 2636 et
662 2571 922 2648 divisiO,
981 2593 1057 2635 ac
1112 2572 1347 2637 frustra
1403 2595 1698 2659 quaeras,
1755 2573 1867 2638 ubi
1911 2572 2291 2638 Aristoteles
2342 2565 2418 2638 τὸ
2463 2566 2763 2656 ὑπάρχον

547 2675 915 2761 simpliciter
957 2671 1244 2740 δυνατόν
1287 2673 1534 2742 dixerit.
1614 2675 1827 2740 Multo
1872 2678 2113 2741 cautius
2145 2675 2304 2741 illud
2338 2686 2434 2740 est
2463 2672 2638 2759 quod
2671 2672 2763 2736 di-

551 2780 639 2843 cit
690 2778 747 2843 Θ
788 2780 853 2843 3.
902 2780 1111 2844 10474
1149 2778 1261 2842 24:
1321 2772 1609 2844 δυνατὸν
1654 2781 1883 2856 τοῦτο,
1937 2769 1991 2860 ᾧ
2038 2772 2156 2845 ἐὰν
2197 2774 2451 2866 ὑπάρξῃ
2494 2772 2538 2855 ἡ
2585 2779 2763 2863 ἐνέρ-

547 2900 727 2963 reta,
770 2870 852 2945 οὗ
893 2881 1151 2963 λέγεται
1191 2882 1357 2964 ἔχειν
1398 2875 1524 2959 τὴν
1566 2875 1874 2964 δύναμιν,
1929 2878 2137 2946 οὐθὲν
2180 2882 2366 2946 ἔσται
2408 2874 2760 2944 ἀδύνατον.

548 2980 828 3047 Videtur
884 2993 1093 3046 autem
1150 2986 1217 3047 in
1275 2982 1663 3069 explicandis
1721 2984 1817 3047 his
1874 2983 2355 3051 difficultatibus
2409 3005 2532 3048 nec
2576 3004 2764 3069 argu-

549 3088 673 3151 tius
730 3084 1177 3164 laborandum,
1239 3104 1448 3172 neque
1502 3107 1660 3151 vero
1720 3085 1903 3150 locus
1962 3088 2341 3153 coniecturis
2398 3085 2764 3164 tentanduS,

547 3187 663 3255 sed
719 3191 843 3254 nisi
900 3188 1093 3254 fallor
1150 3188 1372 3254 eadem
1429 3193 1777 3276 conspicua
1836 3199 1936 3253 est
1991 3189 2359 3277 disputandi
2411 3189 2642 3254 levitas
2695 3198 2763 3254 et

546 3291 962 3381 negligentia,
1008 3314 1131 3379 qua
1174 3293 1279 3357 hic
1314 3293 1904 3379 Metaphysicorum
1948 3291 2113 3358 liber
2157 3316 2194 3359 a
2236 3293 2499 3380 reliquis
2543 3292 2761 3358 distin-

547 3398 781 3483 guitur.
826 3432 915 3449 ---
961 3398 1089 3461 ὂ32
1144 3391 1221 3462 τὸ
1277 3392 1700 3481 ἐνδεχόμενον
1760 3394 2015 3476 ἀληθὲς
2063 3391 2247 3464 εἶναι.
2338 3398 2419 3462 ci,
2479 3396 2562 3462 de
2615 3418 2758 3463 voc.

547 3492 970 3581 ἐνδεχόμενον
1014 3498 1095 3563 ad
1151 3499 1209 3564 Θ
1251 3501 1314 3566 3.
1360 3562 1377 3571 ,

683 3602 887 3665 101910
908 3602 998 3665 33
1042 3595 1249 3666 κατὰ
1288 3597 1779 3692 μεταφορὰν
1809 3641 1891 3655 -
1926 3605 2137 3670 1οΞοα
2163 3607 2205 3668 6
2241 3591 2285 3695 ᾗ
2322 3599 2540 3670 ἄλλο.
2620 3604 2760 3668 Με-

547 3702 942 3788 taphoricum
986 3704 1286 3771 vocabuli
1329 3699 1610 3785 δύναμις
1664 3727 1878 3786 usum,
1933 3706 2110 3793 quod
2169 3706 2337 3792 apud
2393 3717 2760 3795 geometras

547 3805 918 3890 quadratum
962 3807 1284 3895 significat
1327 3808 1431 3886 (Θ
1463 3810 1521 3872 1.
1558 3810 1768 3874 1046a
1795 3813 1855 3875 7.
1909 3811 2044 3875 Ast.
2076 3811 2226 3874 Lex.
2266 3809 2424 3874 Plat.
2470 3832 2521 3875 s.
2554 3834 2616 3875 v.
2646 3805 2759 3874 δύ-

546 3928 742 3992 ναμις
773 3933 837 3995 p.
868 3911 1001 3979 568
1013 3916 1058 3991 ),
1099 3922 1446 3998 propterea
1482 3911 1921 3997 possibilitatis
1963 3915 2217 3979 notioni
2259 3913 2565 4001 adiungit,
2609 3916 2760 3999 quia

544 4021 770 4076 neutra
827 4033 949 4077 nec
1001 4014 1444 4099 possibilitatis
1496 4018 1682 4081 notio
1729 4038 1852 4081 nec
1895 4019 2285 4105 geometrica
2329 4019 2622 4103 potentia
2663 4016 2756 4080 di-

545 4117 710 4179 citur
750 4109 923 4180 κατὰ
968 4112 1278 4201 δύναμιν,
1320 4119 1383 4184 h.
1420 4141 1473 4184 ε.
1520 4129 1749 4187 neutra
1793 4120 2069 4186 refertur
2112 4120 2194 4185 ad
2240 4142 2378 4185 eam
2422 4114 2756 4204 δυνάμεως

545 4221 905 4298 notionem,
962 4242 1085 4305 qua
1142 4226 1494 4306 potentiam
1539 4222 1880 4310 significat.
1968 4224 2281 4309 Reliquae
2324 4244 2483 4288 vero
2532 4243 2754 4288 omnes

544 4321 847 4389 vocabuli
893 4317 1168 4409 δύναμις
1210 4327 1576 4391 notationes
1622 4340 1934 4413 tamquam
1987 4326 2068 4392 ad
2112 4330 2376 4414 primam
2421 4330 2754 4392 notionem
