3043 4973
1113 278 1189 345 Z
1237 273 1346 345 ll.
1432 272 1619 347 1036
1636 273 1698 346 b.
2365 273 2509 349 339

1192 501 1420 578 CAP.
1483 502 1618 578 XI.

442 646 801 722 Quaen-itm·
845 668 1013 732 quae
1055 647 1188 710 sint
1221 657 1455 731 purten
1477 645 1757 732 formae
1799 655 1861 710 el
1908 670 2075 733 quae
2107 649 2210 710 rei
2244 668 2508 711 concre-

299 760 429 831 tae,
476 772 557 814 uc
588 750 873 835 proinde
917 773 1083 836 quae
1126 753 1261 815 sint
1303 750 1708 815 adhibendae
1750 750 1842 814 od
1874 774 2013 813 rem
2049 750 2507 839 definiendam,

302 877 471 941 quoe
506 877 659 934 nou,
705 854 919 918 103&
956 856 1142 917 26-
1163 855 1370 919 1037oe
1411 857 1532 935 10,-
1576 878 1745 940 quae
1774 863 2124 939 praeterea
2159 854 2284 919 liae
2316 855 2401 919 de
2432 878 2509 920 re

299 958 765 1042 investiganda
808 961 942 1023 sint
984 960 1326 1047 significat
1372 996 1451 1010 —
1496 959 1662 1039 a20,
1720 968 1782 1023 et
1839 981 2007 1045 quae
2059 957 2386 1045 leuemque
2428 959 2511 1023 de

298 1072 544 1127 nutura
593 1063 713 1126 τοῦ
755 1063 822 1124 τί
873 1051 956 1141 ἦν
1005 1057 1171 1127 εἶναι
1219 1085 1497 1127 excussa
1542 1074 1692 1127 sunt
1740 1063 2182 1147 complectitur
2228 1099 2316 1114 --
2359 1064 2462 1127 127.

439 1181 814 1248 Aristoteles
874 1195 944 1248 ut
1002 1187 1348 1249 constituat
1405 1207 1567 1271 quae
1622 1191 1832 1271 partes
1891 1187 1983 1248 rei
2043 1183 2123 1248 ad
2180 1188 2509 1249 notionem

303 1287 731 1353 definiendam
780 1288 1224 1364 adhibeantur,
1282 1309 1443 1374 quae
1488 1312 1648 1363 non,
1698 1299 1909 1374 partes
1957 1290 2196 1353 formae
2243 1311 2277 1352 a
2323 1291 2510 1374 parti·

302 1393 425 1457 bus
461 1394 761 1456 materiae
800 1413 986 1477 supra
1029 1391 1327 1471 distinxit,
1373 1415 1508 1480 cap.
1542 1394 1655 1467 103
1701 1393 1819 1455 hac
1855 1403 2063 1456 autem
2105 1392 2511 1456 distinctione

302 1518 496 1583 quum
541 1498 831 1582 quaestio
879 1505 1105 1579 coepta
1155 1500 1237 1559 sit
1282 1495 1515 1574 dirimi,
1574 1494 1857 1559 nondum
1916 1517 2177 1580 prorsus
2232 1494 2510 1571 diremta,

302 1599 420 1665 sed
469 1602 827 1664 etiamnunc
868 1599 1296 1684 quaerendum
1335 1603 1431 1678 sit,
1478 1621 1643 1685 quae
1686 1602 1880 1686 igitur
1912 1598 2179 1686 singulis
2211 1602 2277 1661 in
2320 1597 2511 1661 rebus

302 1715 518 1792 partes
566 1703 647 1767 ad
694 1702 957 1765 formam
1006 1704 1381 1768 referendae
1426 1707 1578 1782 sint,
1625 1724 1786 1788 quae
1830 1701 1911 1766 ad
1958 1704 2303 1778 materiam,
2350 1701 2514 1765 hanc

307 1810 746 1893 quaestionem
778 1805 1030 1871 solvere
1062 1829 1232 1871 nuuc
1261 1810 1526 1894 suscipit
1560 1809 1728 1872 026:
1762 1815 1924 1871 ποῖα
1956 1807 2079 1872 τοῦ
2112 1804 2320 1882 εἴδους
2346 1809 2512 1890 μέρη

305 1914 418 1976 καὶ
465 1921 625 1975 ποῖα
674 1905 778 1986 οὔ,
827 1903 1011 1973 'duob
1069 1914 1188 1976 τοῦ
1245 1912 1784 1995 συνειλημμένου,
1840 1913 1881 1974 ἰ.
1922 1932 1975 1974 e.
2022 1910 2142 1974 τοῦ
2186 1910 2516 1975 συνθέτου

305 2020 443 2079 sive
488 2016 607 2080 τοῦ
652 2010 960 2092 συνόλου,
1022 2014 1099 2078 cf.
1149 2014 1226 2079 ad
1273 2016 1341 2078 E
1375 2019 1433 2080 1.
1481 2018 1684 2080 1025b
1718 2016 1823 2079 32.
1917 2014 2163 2077 Etenim
2217 2015 2513 2098 quoniam

308 2119 612 2184 definitur
641 2117 997 2182 universale
1029 2119 1150 2198 (cf.
1183 2121 1254 2183 A
1286 2124 1344 2184 6.
1376 2123 1537 2186 987ῠ
1564 2124 1623 2185 3.
1674 2122 1791 2182 An.
1823 2128 1990 2204 post.
2022 2117 2081 2181 11
2115 2119 2214 2181 13.
2249 2118 2367 2182 97⁶
2388 2118 2517 2195 26)

308 2233 373 2288 et
410 2224 612 2288 forma
650 2226 759 2299 rei,
804 2233 931 2287 tum
974 2223 1218 2288 demum
1254 2224 1546 2288 definitio
1579 2234 1750 2287 recte
1780 2232 1995 2309 potest
2022 2223 2280 2299 institui,
2326 2239 2515 2306 quum

306 2329 468 2392 baec
525 2330 811 2413 quaestio
870 2325 1076 2390 soluta
1137 2331 1273 2391 erit.
1364 2330 1447 2392 Et
1503 2328 1569 2392 id
1624 2326 1873 2413 quidem
1920 2325 2106 2390 facile
2151 2334 2246 2389 est
2291 2322 2520 2388 diiudi-

310 2452 483 2509 care,
543 2430 654 2496 ubi
715 2430 931 2496 eadem
991 2430 1195 2496 forma
1253 2434 1320 2495 in
1365 2431 1633 2496 diversis
1678 2434 1844 2495 inter
1889 2453 1959 2496 se
2002 2431 2274 2494 materiis
2321 2431 2520 2492 cerni-

309 2547 441 2616 tur,
500 2540 589 2600 ita
646 2544 719 2601 ut
772 2537 1014 2600 formae
1074 2538 1281 2600 unitas
1343 2546 1406 2599 et
1456 2535 1753 2599 identitas
1801 2556 1914 2621 per
1958 2556 2026 2599 se
2073 2555 2108 2596 a
2155 2533 2519 2597 diversitate

307 2643 609 2705 materiae
658 2639 1095 2728 distinguatur.
1184 2637 1470 2702 Difficile
1532 2660 1685 2701 vero
1745 2638 1911 2701 idem
1971 2648 2069 2701 est
2126 2635 2520 2723 dignoscere,

309 2748 365 2810 si
414 2767 535 2830 qua
582 2745 811 2823 forma,
859 2745 1055 2808 veluti
1101 2747 1346 2829 species
1391 2742 1684 2820 humana,
1730 2763 1863 2805 non
1908 2745 1973 2805 in
2021 2741 2285 2805 diversis
2330 2749 2522 2803 mate—

308 2852 443 2913 riae
487 2848 847 2936 generibuS‚
893 2847 1005 2911 sed
1052 2851 1116 2910 in
1166 2846 1385 2910 eadem
1432 2845 1668 2931 ubique
1714 2849 1988 2923 materia,
2037 2843 2327 2909 carnibus
2367 2845 2524 2907 ossi-

308 2953 433 3018 bus
479 2951 610 3029 rel.‚
661 2953 958 3015 cernitur.
1043 2950 1222 3015 Nihil
1269 2954 1431 3015 enim
1478 2951 1776 3037 impedit,
1822 2951 2387 3036 quominus'etiam
2434 2950 2526 3013 sic

311 3053 550 3141 aliquid
596 3054 867 3120 alienum
915 3077 948 3117 a
995 3054 1195 3118 forma
1244 3057 1429 3118 unice
1474 3058 1773 3119 materiae
1820 3058 1902 3119 sit
1946 3050 2363 3129 tribuendum,
2408 3049 2526 3114 sed

309 3169 582 3248 propter
613 3160 1081 3223 coniunctionis
1111 3160 1410 3221 materiae
1443 3180 1582 3222 cum
1614 3159 1815 3223 forma
1846 3159 2331 3244 perpetuitatem
2357 3151 2527 3217 haud

309 3263 503 3329 facile
550 3264 812 3327 alterum
861 3261 940 3325 ab
989 3260 1191 3325 altero
1237 3265 1552 3349 seiungaS.
2171 3254 2177 3261 ⁸

450 3367 552 3431 Ab
601 3368 720 3430 hac
766 3362 1257 3453 distinguendae
1304 3388 1336 3428 a
1385 3357 1646 3428 materia
1703 3364 1947 3429 formae
2004 3361 2380 3427 difficultate
2428 3378 2527 3423 ex-

316 3481 463 3536 orta
508 3493 645 3534 esse
685 3468 839 3534 dicit
870 3472 952 3535 ⁶7
993 3469 1421 3556 Pythagorica
1460 3468 1765 3553 quaedam
1806 3469 2055 3555 placita.
2123 3467 2320 3532 Sicuti
2361 3467 2526 3528 enim

313 3580 383 3641 in
429 3575 808 3653 hominibus,
855 3594 1226 3659 quamquam
1272 3574 1319 3635 ii
1364 3576 1584 3657 utique
1628 3573 1921 3637 carnibus
1961 3584 2025 3637 et
2063 3571 2311 3636 ossibus
2353 3571 2530 3655 quasi

314 3681 533 3744 vestiti
580 3681 1072 3764 conspiciuntur,
1122 3697 1345 3740 carnes
1391 3686 1603 3740 tamen
1650 3687 1902 3741 et'ossa
1946 3679 2245 3741 materiae
2289 3682 2530 3737 tantum

316 3783 531 3847 locum
582 3783 891 3859 obtinent,
937 3784 1024 3845 ita
1068 3782 1494 3867 Pythagoreis
1541 3784 1607 3843 in
1655 3781 1893 3845 circulo
1941 3777 2269 3868 triangulo
2312 3776 2431 3854 al.,'
2458 3775 2532 3839 li-

320 3898 425 3951 cet
470 3906 718 3971 semper
766 3888 1196 3950 extensionem
1245 3883 1557 3969 quandam
1603 3884 1881 3948 habeant
1926 3895 1989 3948 et
2034 3906 2108 3947 ex
2154 3882 2336 3946 lineis
2381 3901 2533 3945 con-

319 3999 508 4068 stent,
555 3990 716 4053 haec
764 3989 842 4053 ad
887 3992 1207 4059 materiam
1254 3987 1606 4065 referenda,
1651 3990 1787 4073 ipsa
1836 3991 2017 4051 notio
2066 3998 2131 4051 et
2173 3986 2377 4050 sonna
2418 4007 2533 4048 nu-

319 4097 508 4158 meris
550 4092 912 4180 definienda
952 4092 1219 4156 videtur.
1287 4092 1637 4174 (γραμμῆς
1678 4083 1796 4155 τὸν
1842 4085 2041 4173 λόγον
2085 4084 2203 4154 τὸν
2248 4091 2374 4154 τῶν
2414 4082 2532 4153 δύο

322 4192 494 4262 εἷναί
539 4220 608 4284 φ.
651 4199 796 4275 b13,
845 4196 921 4259 cf.
965 4194 1177 4259 Zeller
1210 4196 1322 4258 Ph.
1373 4193 1431 4257 d.
1468 4194 1582 4259 Gr.
1631 4196 1677 4258 Ι.
1725 4219 1784 4281 p.
1822 4196 2008 4273 112.)
2090 4195 2266 4257 Haec
2311 4193 2531 4277 opinio

322 4310 679 4386 propagata
741 4298 975 4363 deinde
1029 4310 1125 4363 est
1168 4298 1248 4362 ad
1296 4298 1666 4363 Platonicos
1713 4300 1883 4376 (τῶν
1928 4293 2048 4372 τοὶς
2092 4296 2267 4371 ἰδέας
2311 4287 2536 4376 λεγόν·-

320 4426 454 4468 των
488 4405 660 4483 ὁ13>
699 4424 964 4488 quorum
1003 4401 1114 4466 alii·
1140 4425 1277 4467 cum
1309 4403 1737 4491 Pythagoreis
1768 4405 1830 4465 in
1865 4400 2169 4465 dualitate
2208 4399 2328 4479 (cf.
2365 4398 2452 4462 M
2471 4398 2533 4461 8.

2023 4509 2092 4560 22
2111 4505 2134 4528 ⁶
