3043 4973
540 215 686 291 112
1384 222 1462 291 ,Α
1510 218 1581 290 9.
1656 216 1884 292 9901).

538 396 814 460 muniver-
856 392 1259 480 praedicatur
1295 392 1376 459 de
1406 393 1696 481 pluribus
1729 392 1940 471 rebus,
1982 391 2052 457 id
2084 391 2400 458 diversum
2433 414 2507 457 ac
2535 395 2745 459 seium-

539 509 704 563 etum
752 498 831 561 ab
880 497 1009 572 illis,
1051 520 1122 563 rc
1167 519 1244 562 ae
1286 501 1553 564 veritate
1601 506 1826 573 exstat3
1869 498 2046 581 atqui
2091 506 2159 560 et
2195 495 2278 560 de
2310 496 2747 562 sensibili'ho·

538 606 707 665 mine
740 613 805 665 et
835 601 917 665 de
953 601 1097 667 idea
1136 603 1424 680 hominiS,
1468 605 1652 666 cuius
1683 603 2132 665 communione
2164 600 2282 664 ille
2318 603 2576 678 exsistit,
2618 601 2748 665 hoc

535 704 954 790 praedicatur,
999 718 1072 770 ut
1103 706 1392 772 homines
1428 726 1568 769 esse
1606 704 1928 780 dicantur}
1963 724 2130 791 ergo
2165 707 2391 769 tertius
2426 714 2522 768 est
2550 705 2744 769 homo

534 820 797 895 praeter
845 808 1206 873 sensibilem
1264 811 1581 874 hominem
1643 819 1709 873 et
1761 809 2036 872 hominis
2079 806 2304 871 ideam,
2395 807 2601 892 Quam
2649 829 2747 872 ar-

536 916 1080 999 gumentationem
1124 916 1192 977 in
1232 912 1552 980 infinitum
1595 933 1788 998 posse
1829 910 2083 975 extendi
2126 910 2312 974 facile
2347 910 2744 998 intelligitur„

537 1015 803 1096 (Plures
852 1016 1130 1081 eiusdem
1176 1019 1682 1081 ratiocinationis
1727 1013 1962 1079 formas
2011 1014 2199 1079 affert
2230 1014 2407 1078 Alex.
2451 1013 2534 1078 ad
2576 1014 2633 1077 h.
2661 1012 2747 1094 l.)

538 1120 628 1184 At
671 1120 834 1183 hanc
874 1117 1394 1206 consequentiam
1441 1141 1650 1206 prope
1697 1117 1944 1183 eadem'
1971 1121 2224 1183 ratione
2269 1117 2517 1203 profert
2558 1116 2745 1182 Plato

535 1224 738 1286 Parin.
777 1222 902 1287 131
922 1246 985 1302 e,
1044 1235 1116 1289 ut
1170 1228 1381 1310 ipsum
1424 1235 1596 1287 certe
1637 1222 1971 1286 Platonem
2019 1233 2324 1307 appareat
2365 1239 2508 1285 non·
2543 1220 2749 1284 videri

536 1326 660 1391 sibi
703 1330 769 1391 in
814 1328 978 1391 hanc
1022 1327 1302 1391 incidere
1349 1325 1788 1394 difficultatem
1833 1347 1951 1412 per
1984 1341 2162 1389 suam
2195 1324 2479 1388 idearum
2517 1324 2749 1388 doctri-

534 1449 709 1509 nam,
769 1430 982 1496 modo,
1024 1452 1103 1494 ea
1159 1440 1339 1495 recte
1379 1431 1573 1495 fuerit
1615 1441 1937 1516 percepta.
2027 1427 2247 1514 Itaque
2292 1449 2428 1493 non
2472 1427 2750 1492 debebat

538 1534 919 1600 Aristoteles
963 1537 1049 1598 ita
1095 1536 1215 1598 hac
1258 1556 1335 1600 re·
1370 1533 1668 1621 defungi,
1725 1544 1798 1598 ut
1842 1535 1969 1597 hoc
2007 1531 2747 1619 argumentum-Platoni

536 1642 715 1723 quasi
771 1641 1061 1726 ignotum
1120 1638 1456 1716 obiiceret,
1513 1637 1629 1701 sed
1690 1635 2115 1722 quaerendum
2161 1640 2382 1723 potins
2427 1646 2590 1711 erat,
2640 1657 2749 1699 ve—

534 1759 696 1806 rene
722 1740 908 1805 Plato
951 1744 1251 1806 evitasset
1287 1743 1457 1808 hunc
1490 1742 1827 1829 scopulum
1866 1757 2087 1807 necne.
2155 1741 2565 1804 hiber-aretin·
2594 1753 2748 1803 sane

537 1844 658 1909 hac
701 1838 1019 1909 refutandi
1062 1847 1287 1910 iniuria
1326 1846 1726 1923 Aristoteles,
1773 1848 1826 1908 si
1869 1844 2093 1908 verbex
2141 1847 2205 1909 οἱ
2250 1846 2322 1909 δὲ
2360 1837 2480 1908 τὸν
2521 1845 2748 1930 τρίτον

534 1941 908 2033 ἄνθρωπον
935 1949 1234 2030 λέγουσιν
1260 1948 1485 2016 liceret
1516 1969 1656 2013 cum
1687 1947 2100 2035 Schweglero
2141 1949 2570 2032 interpretari:
2616 1945 2748 2010 Διι-

536 2052 694 2115 dere
735 2050 1011 2135 bringeri
1054 2051 1179 2114 dae
1208 2049 1568 2135 Arg-omnent
1608 2073 1753 2115 vom
1788 2052 2029 2116 dritten
2058 2049 2422 2116 Men-selaeu
2450 2050 2588 2129 ὁρεὶς
2632 2048 2748 2115 sed

540 2175 617 2218 ea
658 2157 1099 2240 interpretatio
1137 2176 1346 2239 neque
1386 2148 1867 2219 cum'universo
1906 2158 2361 2220 sententiarum
2397 2177 2561 2222 nexu
2599 2175 2751 2238 con-

538 2260 707 2335 cinit,
753 2257 1062 2343 siquidem
1108 2259 1386 2322 refutare
1432 2279 1565 2322 non
1610 2259 1850 2323 referre
1880 2259 2168 2323 Platonis
2215 2268 2580 2345 argumenta
2614 2260 2751 2322 Ari-

532 2360 805 2425 stoteles
862 2364 1158 2440 instituit,
1223 2372 1287 2425 et
1343 2362 1447 2436 ab⁴
1482 2361 1827 2426 Alexandri
1881 2365 2407 2448 interpretatione
2465 2361 2748 2440 discedit,

536 2467 718 2531 euius
776 2464 905 2528 hoc
950 2464 1103 2530 loco
1150 2485 1385 2531 summa
1433 2477 1531 2531 est
1575 2468 1945 2545 auctoritas,
2003 2465 2179 2552 qdod
2237 2466 2463 2531 horum
2521 2465 2750 2531 verbo»-

537 2590 676 2634 rum
722 2568 1098 2634 brevitatem
1146 2592 1221 2633 ex
1267 2569 1633 2635 Aristotelis
1690 2570 1872 2635 libris
1928 2570 2009 2639 de
2059 2569 2251 2649 ideis,
2307 2592 2484 2635 nunc
2526 2570 2750 2658 depexi-

539 2671 704 2750 ditis,
748 2672 1090 2758 supplevit.

669 2778 831 2840 990⁶
873 2779 954 2841 17
1006 2771 1212 2853 ὅλως
1255 2799 1335 2841 τε
1380 2775 1875 2867 ἀναιροῦσιν
1925 2816 2004 2831 —-
2050 2781 2374 2854 zzwazg
2427 2775 2748 2864 ἀρχαῖς.

540 2877 826 2943 Eandem
872 2880 1356 2966 argumentandi
1399 2886 1728 2960 rationem,
1773 2905 1896 2967 qua
1943 2891 2130 2946 antea
2177 2885 2241 2945 in
2286 2881 2553 2968 singulis
2589 2881 2751 2946 ideis

540 3002 690 3047 usus
751 2995 871 3060 est,
931 2986 1054 3046 iam
1101 2984 1477 3049 Aristoteles
1531 2985 1615 3049 ad
1664 2985 2018 3049 doctrinam
2060 2984 2346 3048 idearum
2389 2988 2752 3048 universam

540 3088 836 3169 (transiri
883 3089 1047 3151 enim
1092 3108 1128 3149 a
1172 3087 1439 3175 singulis
1487 3088 1786 3175 exemplis
1833 3088 1914 3152 ad
1954 3092 2283 3152 notionem
2325 3085 2749 3155 universalem

536 3189 858 3278 significat
897 3202 1060 3276 part.
1108 3187 1291 3266 ὅλως,
1332 3186 1415 3255 cf.
1446 3193 1500 3256 A
1536 3196 1602 3258 2,
1654 3195 1856 3257 {01:301
1887 3190 1992 3269 29,
2029 3194 2134 3256 31.
2187 3193 2391 3256 1914α
2415 3193 2613 3270 2,]1,
2645 3192 2747 3256 12.

538 3297 601 3359 9.
648 3296 857 3359 101811
893 3296 994 3358 11.
1036 3293 1114 3358 al.
1164 3295 1391 3358 Waitz
1437 3296 1600 3383 Org.
1645 3297 1695 3360 1.
1738 3318 1801 3382 p.
1833 3296 2007 3375 335)
2056 3316 2392 3380 earumque
2437 3297 2748 3380 principia

532 3397 779 3461 refert.-
824 3397 1076 3481 Quibus
1113 3400 1281 3471 enim·
1307 3400 1692 3477 rationibus,
1719 3402 1819 3477 a'it,
1859 3399 2173 3463 Platonici
2201 3398 2375 3463 ideas
2410 3420 2552 3462 esse
2582 3419 2752 3464 com·-

538 3500 844 3586 probant,
891 3521 1004 3564 eae
1046 3504 1226 3585 ipsae
1275 3501 1590 3581 efficiunt,
1638 3514 1706 3566 ut
1753 3524 1824 3566 ea
1859 3502 2008 3568 'non
2054 3524 2195 3567 esse
2241 3513 2570 3588 appareat,
2615 3505 2752 3587 qui-

538 3603 661 3668 bus
694 3602 1009 3671 Platonici
1052 3605 1369 3688 potiorem
1418 3609 1603 3669 etiam
1649 3627 1835 3691 quam
1880 3605 2040 3670 ideis
2087 3609 2426 3675 essentiam
2469 3604 2753 3670 tribuen-

540 3705 684 3770 dam
730 3717 992 3771 censent
1036 3707 1331 3790 (μᾶλλον
1378 3710 1542 3771 enim
1590 3730 1729 3773 cum
1773 3708 1977 3772 verbo
2017 3706 2180 3774 εἶναι
2231 3708 2750 3796 coniungentium

538 3814 698 3891 est),
743 3813 1056 3897 principia
1098 3808 1249 3873 dico
1295 3809 1640 3875 idearum...
1677 3813 1931 3877 Etenim
1978 3811 2281 3897 quidquid
2330 3812 2411 3877 de
2454 3812 2749 3898 pluribus

539 3917 841 3979 universe
895 3913 1321 4000 praedicatur,
1376 3936 1496 4002 pro
1556 3914 1701 3980 idea
1761 3925 1859 3980 est
1902 3916 2291 3995 habendam
2347 3914 2753 4002 praedicatur

540 4027 751 4083 autem
795 4017 878 4083 de
923 4016 1136 4102 dyade
1170 4020 1235 4081 in
1274 4022 1605 4106 principiis
1640 4022 1849 4104 posita
1886 4024 2181 4085 universe
2216 4040 2539 4094 numerus;
2587 4040 2749 4108 ergo

484 4134 493 4141 ‘
539 4142 674 4187 non
723 4122 882 4207 dyas
926 4121 1042 4186 sed
1088 4144 1387 4188 numerus
1429 4146 1552 4210 pro
1589 4126 1900 4209 principio
1933 4136 2037 4189 est
2071 4124 2418 4190 habendus,
2486 4124 2603 4188 Illa
2641 4142 2753 4189 au·-

540 4237 668 4291 tem
694 4222 902 4311 ssyen,
956 4246 1147 4311 quam
1188 4248 1313 4312 pro
1355 4227 1665 4292 materiali
1705 4227 1987 4291 idearum
2033 4231 2346 4316 principio
2395 4250 2432 4295 a
2477 4227 2750 4294 Platone

539 4334 811 4417 positam
843 4328 1223 4395 Aristoteles
1258 4328 1481 4410 refert,-
1516 4332 1817 4415 ‹pioniam
1861 4342 1961 4396 est
2003 4335 2124 4398 τοῦ
2164 4328 2458 4419 μεγάλου
2493 4334 2608 4399 καὶ
2638 4352 2748 4419 pu·—
