3043 4973
1116 275 1181 345 E
1223 271 1294 345 2.
1381 271 1645 348 10261).
2341 273 2487 350 287

284 442 413 526 κός,
458 458 525 514 et
561 448 641 515 ad
672 448 725 514 A
752 450 858 516 30.
894 451 1103 516 1025a
1126 451 1254 531 30)
1296 453 1363 515 in
1410 461 1559 516 ente
1597 450 1970 518 accidentali
2001 449 2109 517 vel
2144 450 2486 522 efficiendo

284 551 390 617 vel
421 552 898 641 cognoscenda,
943 548 1186 641 ἄπειρα
1218 550 1350 642 γάρ
1384 559 1577 633 ἐστιν,
1614 577 1777 641 quae
1807 565 2015 622 autem
2045 554 2292 622 infinita
2322 568 2487 636 sunt,

287 677 362 721 ea
409 676 544 721 non
588 667 858 742 possunt
902 656 1249 746 cogitando
1296 661 1600 744 percurri,
1642 655 1720 724 cf.
1767 660 1836 725 Γ
1858 661 1932 724 ’4.
1982 660 2189 725 1007a
2222 661 2330 725 14:
2375 660 2488 726 καὶ
2554 743 2559 748 ἡ

282 754 413 846 γὰρ
449 755 778 825 ἀδύνατον
812 754 1052 846 ἄπειρά
1080 758 1143 845 γ’
1175 754 1338 828 ὄντα
1372 755 1458 826 τὰ
1488 757 1948 848 συμβεβηκότα
1979 763 2290 828 διελθεῖν.
2346 788 2394 826 α
2422 764 2483 828 2.

283 866 448 929 9941>
469 864 577 929 30.
638 864 783 928 Hoc
815 864 1273 931 architecturae
1309 869 1576 953 primum
1608 866 1897 953 exemplo
1930 866 2218 946 illustrat,
2254 865 2499 944 deinde¹

280 970 690 1056 geometriae,
733 955 880 1032 οὐδ”
913 965 950 1033 ὁ
993 973 1359 1056 γεωμέτρης
1403 971 1649 1055 θεωρεῖ
1691 966 1776 1036 τὰ
1816 966 1985 1036 οὕτω
2024 966 2488 1057 συμβεβηκότα

283 1081 423 1149 τοῖς
468 1066 828 1156 σχήμασιν,
885 1068 1025 1137 οὐδ’
1063 1077 1118 1138 si
1163 1069 1385 1160 ἕτερόν
1434 1078 1574 1139 ἐστι
1628 1076 1947 1161 τρίγωνον
2001 1076 2116 1141 καὶ
2166 1077 2489 1165 τρίγωνον

284 1170 401 1240 δύο
445 1168 670 1258 ὀρθὰς
713 1176 879 1260 ἕχον.
948 1175 1307 1244 Alexander
1348 1179 1670 1262 τρίγωνον
1713 1178 1835 1246 dici
1880 1189 2062 1265 putat
2100 1179 2486 1268 triangulum

283 1277 636 1357 materiale,
686 1279 1008 1367 τρίγωνον
1051 1276 1167 1346 δύο
1212 1274 1438 1367 ὀρθὰς
1481 1283 1630 1367 ἕχον
1674 1282 2058 1371 triangulum
2101 1284 2488 1349 mathemati-

283 1404 444 1447 cum.
536 1382 723 1467 Quae
765 1386 1207 1470 interpretatio
1267 1406 1638 1471 quamquam
1695 1409 1915 1473 parum
1963 1410 2037 1453 ex
2081 1391 2235 1474 ipsis
2280 1387 2488 1474 philo·

279 1488 475 1573 sophi
528 1486 741 1552 verbis
799 1490 997 1574 petita
1052 1499 1179 1567 est,
1235 1510 1370 1556 non
1422 1488 1629 1554 habco
1676 1498 1886 1556 tamen
1931 1512 2117 1577 quam
2160 1490 2486 1558 meliorem

283 1589 563 1656 afferam.
648 1592 898 1657 Etenim
944 1602 1118 1658 recte
1163 1592 1413 1681 quidem
1462 1593 1690 1658 dixerit
1732 1597 2041 1681 quispiam
2084 1589 2163 1660 τὸ
2211 1590 2326 1660 δύο
2373 1591 2487 1681 ὀρ-

280 1689 424 1769 θὰς
466 1696 634 1778 ἔχειν
676 1716 818 1760 esse
864 1717 939 1761 ex
986 1695 1348 1762 Aristotelis
1392 1701 1704 1763 sententia
1753 1694 2050 1785 ὑπάρχον
2095 1699 2199 1763 vel
2245 1697 2488 1782 συμβε-

279 1792 489 1881 βηκός
530 1799 860 1886 trianguli,
921 1800 1003 1865 cf.
1048 1799 1128 1865 ad
1172 1801 1227 1866 A
1267 1802 1371 1867 30.
1423 1802 1632 1867 1025a
1673 1803 1790 1876 323
1851 1803 1981 1867 hoc
2031 1804 2231 1891 igitur
2281 1801 2487 1870 videri

281 1904 517 1987 quaeri,
563 1912 767 1968 utrum
817 1904 1201 1992 triangulum
1244 1926 1360 1991 per
1401 1927 1471 1970 se
1512 1904 1682 1970 idem
1720 1907 1804 1969 sit
1840 1928 1914 1971 ac
1947 1906 2333 1995 triangulum
2369 1928 2488 1993 per

283 2005 578 2071 accidens
615 2007 896 2094 aliquod,
938 2001 1016 2073 τὸ
1062 2004 1180 2073 δύο
1226 2001 1449 2094 ὀρθὰς
1490 2011 1672 2093 ἔχειν,
1718 2007 2216 2078 determinatum.
2284 2012 2487 2077 Posse

280 2110 447 2176 hanc
491 2131 632 2176 esse
676 2111 1042 2176 Aristotelis
1086 2115 1461 2177 sententiam
1507 2134 1638 2180 non
1683 2118 2080 2201 negaverim,
2136 2136 2347 2201 neque
2397 2125 2487 2180 ta-

280 2235 430 2279 men
475 2218 535 2279 ei
567 2218 1078 2302 interpretationi
1107 2237 1496 2304 magnopere
1530 2217 1876 2296 confidam;
1923 2223 2134 2307 agitur
2165 2223 2329 2285 enim
2360 2220 2488 2287 hoe
2550 2263 2554 2268 ,

279 2318 432 2382 loco
481 2317 562 2383 de
609 2341 688 2385 eo
736 2320 908 2406 quod
957 2322 1215 2406 proprie
1261 2330 1358 2388 est
1402 2317 1831 2406 συμβεβηκός,
1873 2344 2008 2388 non
2054 2324 2136 2390 de
2183 2346 2263 2389 eo
2306 2324 2485 2411 quod

281 2444 473 2510 quum
519 2426 603 2488 sit
645 2416 1060 2509 συμβεβηκὸς
1101 2419 1268 2490 καθ’
1308 2419 1471 2491 αὑτό
1514 2430 1799 2512 proxime
1841 2428 1924 2494 ad
1954 2430 2156 2517 ipsam
2193 2427 2486 2495 substan-

281 2531 430 2593 tiam
477 2527 724 2595 accedit
769 2536 835 2593 et
875 2531 1180 2595 scientiae
1225 2529 1519 2614 profecto
1566 2530 1913 2597 subiicitur.

418 2634 733 2698 10261212
778 2634 913 2696 καὶ
957 2636 1203 2698 τοῦτο
1251 2628 1603 2715 εὐλόγως
1648 2636 2093 2719 συμπίπτει
2127 2672 2215 2685 -—
2251 2637 2336 2700 21
2377 2630 2482 2719 μὴ

281 2729 542 2812 ὄντος.
628 2736 784 2801 Non
843 2739 981 2802 sine
1033 2739 1282 2801 ratione
1329 2736 1619 2801 accidere
1663 2747 1734 2802 ut
1775 2737 1949 2802 nulla
1993 2742 2075 2803 sit
2119 2742 2280 2805 entis
2325 2743 2484 2804 acci-

281 2838 555 2905 dentalis
614 2843 905 2919 scientia,
965 2839 1297 2907 Platonem
1341 2850 1566 2907 testem
1611 2841 1895 2921 abhibet,
1954 2846 2061 2929 qui
2116 2844 2485 2930 sophistam,

278 2945 349 3008 in
395 2941 822 3009 accidentibus
869 2967 1057 3029 quum
1103 2947 1362 3009 maxime
1412 2955 1791 3030 occupatum
1836 2948 1958 3028 (cf.
1988 2948 2057 3013 K
2086 2950 2147 3013 3.
2187 2951 2390 3014 10616
2419 2950 2482 3015 8.

277 3048 402 3113 An.
441 3056 606 3132 post.
643 3047 674 3111 1
710 3049 772 3112 2.
816 3050 929 3114 71⁶
957 3050 1102 3127 10),
1145 3051 1308 3115 circa
1355 3070 1655 3115 non-ens
1701 3054 1940 3115 versari
1980 3051 2163 3130 dieat,
2208 3052 2287 3116 cf.
2321 3051 2479 3117 Plat.

277 3150 482 3236 Soph.
528 3175 592 3237 p.
622 3152 751 3217 237
799 3174 932 3237 sqq.
1024 3153 1259 3219 Petitas
1317 3164 1527 3218 autem
1587 3174 1727 3219 esse
1778 3156 2197 3240 sophistarum
2241 3159 2481 3241 captio-

277 3277 400 3321 nes
443 3277 480 3320 e
526 3264 750 3321 natura
794 3276 1003 3320 rerum
1050 3255 1526 3322 accidentalium
1575 3256 2193 3343 comprobatallatis
2229 3259 2482 3344 quibus·-

277 3359 426 3424 dam
470 3361 889 3446 sophismatiS‚
934 3380 1095 3444 quae
1142 3369 1212 3427 ut
1254 3363 1318 3425 in
1365 3360 1597 3447 vulgus
1641 3370 1796 3425 nota
1840 3362 2044 3427 verbo
2088 3362 2481 3450 significasse

277 3467 433 3529 satis
475 3463 685 3528 habet.
777 3463 1000 3531 Veluti
1043 3473 1383 3550 quaerunt,
1442 3473 1648 3529 utrum
1698 3464 1865 3530 idem
1913 3469 1996 3530 sit
2038 3488 2119 3530 an
2165 3467 2481 3532 diversum

175 3572 184 3579 ’
277 3570 583 3633 musicum
632 3586 771 3633 esse
819 3576 883 3635 et
924 3572 1414 3655 grammaticum.
1482 3568 1631 3633 Sive
1678 3572 1768 3634 ais
1812 3572 1948 3634 sive
1983 3578 2211 3657 negas,
2241 3574 2309 3636 in
2351 3593 2484 3637 eas-

281 3671 426 3736 dem
470 3671 698 3736 incidis
737 3670 1031 3747 insidia83
1078 3675 1131 3735 si
1176 3671 1342 3736 idem
1389 3694 1530 3737 esse
1565 3673 1739 3752 dicis,
1781 3673 2099 3738 hominem
2134 3676 2485 3741 ostendunt

281 3778 393 3860 qui
438 3774 696 3839 alteram
743 3785 984 3841 tantum
1017 3785 1214 3841 artem
1250 3787 1450 3854 tenet3
1498 3781 1597 3842 sin
1633 3798 1830 3865 negas
1865 3776 2034 3841 idem
2070 3797 2227 3856 esse,
2271 3786 2479 3839 osten*

281 3877 444 3943 dunt
487 3878 785 3964 aliquem,
829 3882 941 3965 qui
984 3889 1252 3965 utraque
1296 3890 1395 3945 est
1438 3881 1740 3946 eruditus.
1833 3881 1932 3946 Ad
1976 3879 2141 3945 idem
2182 3864 2352 3932 redit
2394 3858 2482 3925 8¹*

281 3990 417 4047 '⁵⁶¹³
466 3985 782 4068 quaestiffl
828 3985 940 4064 κᾳὶ
984 3978 1296 4067 μουσικὸς
1324 3985 1661 4069 Κορίσκος
1703 3983 1816 4046 καὶ
1844 3978 2195 4065 Κορίσκος.
2263 3967 2485 4033 Tertia

281 4088 514 4172 capti0,
550 4088 681 4152 1118
724 4087 836 4150 καὶ
879 4090 935 4150 ἐὶ
978 4087 1116 4152 πᾶν
1158 4123 1238 4138 -
1280 4088 1370 4151 20
1412 4080 1740 4170 μουσικός,
1787 4076 2113 4169 quomodo
2146 4078 2228 4140 sit
2254 4068 2459 4171 intelli

277 4190 509 4278 genda,
555 4192 968 4278 cognoscitur
1011 4189 1159 4255 coll.
1210 4192 1377 4275 Top.
1424 4190 1606 4254 1111.
1656 4189 1814 4253 104ὺ
1856 4187 1972 4251 24·
2032 4172 2257 4234 (πως
2302 4150 2478 4228 ἐστι)

2259 4248 2287 4272 a
2455 4248 2470 4269 .

277 4295 426 4378 πδρὶ
483 4284 577 4363 ὧν
631 4289 837 4373 λόγον
892 4294 1122 4378 ἔχομεν
1177 4295 1478 4359 ἐναντίον
1536 4300 1671 4338 auos
1734 4267 1990 4338 σοξαις,
2047 4253 2193 4322 οἷον
2250 4277 2353 4318 οτι
2400 4274 2480 4317 ου

277 4397 415 4463 πᾶν
460 4391 538 4463 τὸ
583 4391 662 4462 ὃν
705 4391 853 4475 ἤτοι
895 4391 1248 4479 γενήμωαν
1290 4386 1466 4435 εστιν
1507 4358 1555 4445 ἢ
1599 4362 1844 4449 ἀΐδιον,
1895 4356 2208 4446 καθάπερ
2255 4360 2319 4423 οἱ
2363 4375 2478 4420 σον
