3043 4973
504 233 673 308 '294
1359 234 1433 303 Z
1479 230 1543 304 1.
1628 191 1816 305 1028
1834 252 1900 302 a.

533 413 706 478 omni
753 431 967 476 errore
1012 408 1381 496 simpliciter
1423 408 1530 473 vel
1573 409 1719 473 sciri
1765 403 2190 472 debeant'vel
2232 406 2488 484 nesciri,
2531 402 2736 469 addit:

530 515 678 600 περὶ
724 515 798 581 δὲ
834 508 918 580 τὰ
951 511 1135 578 ἁπλᾶ
1167 509 1309 578 οὐδ’
1351 517 1421 577 ἐν
1455 515 1535 601 τῇ
1571 513 1852 596 (icamia,
1896 510 1979 592 εἰ.
2019 510 2077 575 Θ
2108 512 2211 575 10.
2247 512 2448 575 10511)
2478 513 2557 576 17
2599 531 2734 595 sqq.

531 620 644 683 His
704 622 1005 705 expositis
1064 615 1414 683 concludit.
1473 611 1603 681 ὅσα
1660 617 1780 699 μὲν
1832 605 1950 680 οὖν
1994 614 2117 695 (de
2164 616 2340 678 cuius
2387 612 2741 701 particulae

532 745 653 788 usu
696 726 762 787 in
800 723 1110 848 epodosi
1126 720 1202 784 cf.
1250 719 1333 784 ad
1367 719 1439 783 A
1474 722 1535 784 3.
1573 722 1740 785 983α
1766 721 1893 799 33)
1939 719 2036 784 δεῖ
2077 719 2429 804 θεωρησαι
2468 720 2617 803 περὶ
2663 710 2741 783 τὸ

536 821 742 901 οὕτως
787 818 865 891 ὃν
909 828 1022 891 καὶ
1065 818 1158 908 μὴ
1201 817 1281 889 ὅν
1328 825 1407 901 (i.
1442 844 1496 886 e.
1543 826 1689 911 περὶ
1735 817 1813 887 τὸ
1858 820 1944 900 ὡς
1978 819 2234 901 ἀληθὲς
2271 814 2350 888 ὃν
2387 824 2499 887 καὶ
2535 816 2614 888 τὰ
2657 818 2747 898 ὡς

533 930 781 1019 ψεῦδος
825 923 918 1015 μὴ
967 923 1111 1009 ὅν),
1169 922 1443 1014 ὕστερον
1485 931 1930 1003 ἐπισκεπτέον,
1975 925 2055 990 cf.
2110 926 2168 990 Θ
2214 929 2317 991 10.
2408 927 2537 990 Iam
2581 945 2744 989 vero

537 1033 989 1098 transeundum
1022 1032 1152 1096 ad
1134 1055 1342 1118 ipsum
1374 1054 1488 1096 ens
1521 1034 1781 1117 eiusque
1813 1051 2039 1094 causae
2067 1029 2555 1123 investigandae
2579 1039 2747 1105 sunt,

539 1146 848 1220 quatenus
896 1147 993 1202 est
1039 1159 1180 1214 ene,
1238 1135 1544 1222 siquidem
1607 1145 1669 1199 et
1723 1132 2016 1198 accidens
2062 1144 2129 1197 et
2168 1139 2403 1200 veritas
2449 1133 2528 1197 ab
2578 1142 2751 1211 ente,

540 1237 713 1324 quod
760 1245 1020 1326 proprie
1069 1251 1132 1304 et
1176 1261 1293 1325 per
1338 1260 1407 1303 se
1456 1260 1567 1302 ens
1616 1247 1732 1315 est,
1778 1236 2062 1323 pendent
2105 1260 2227 1303 nec
2270 1242 2616 1303 seiunctam
2663 1235 2747 1299 ab

541 1362 621 1406 eo
665 1351 948 1408 naturam
989 1344 1227 1408 habent
1266 1353 1331 1408 et
1370 1344 1812 1418 exsistentiam,
1857 1337 1973 1406 οὐκ
2018 1339 2136 1420 ἔξω
2182 1343 2493 1423 δηλοῦσιν
2539 1331 2754 1406 οὖσάν

540 1467 690 1516 τινα
737 1441 938 1534 φύσιν
983 1450 1103 1512 τοῦ
1146 1441 1340 1523 ὄντος
1380 1446 1488 1523 ⁰2,
1535 1445 1612 1509 cf.
1660 1444 1729 1509 K
1773 1447 1833 1509 8.
1882 1448 2090 1510 1065a
2127 1446 2232 1510 24.

674 1551 876 1616 10276
916 1553 1004 1617 33
1050 1551 1360 1637 διαιρεῖ
1415 1570 1530 1616 cur
1585 1546 1988 1613 scribendum
2044 1560 2261 1637 putem
2317 1567 2441 1636 pro
2484 1543 2753 1636 vulgato

540 1646 817 1740 ἀφαιρεῖ
861 1656 1220 1741 expositum¹
1264 1662 1361 1719 est
1405 1656 1469 1717 in
1516 1653 1678 1718 Obs.
1724 1675 1788 1737 p.
1816 1654 1926 1716 90.

677 1758 954 1823 102864
993 1750 1364 1847 φανερὸν
1400 1794 1483 1808 -·
1521 1758 1565 1821 5
1600 1749 1689 1819 τὸ
1730 1750 1839 1820 ὅν.
1906 1755 2081 1821 Idem
2112 1778 2323 1844 prope
2353 1754 2576 1821 iisdem
2611 1774 2760 1818 ver-

540 1856 641 1922 bis
686 1860 785 1926 bis
814 1862 1226 1929 Aristotelem
1275 1860 1504 1926 dixisse
1552 1871 1617 1926 et
1657 1863 1724 1924 in
1771 1859 1900 1923 fine
1944 1860 2130 1926 huius
2176 1860 2320 1925 libri
2368 1871 2432 1926 et
2468 1864 2535 1924 in
2577 1879 2760 1924 exor-

544 1959 654 2026 dio
700 1969 989 2049 proxime
1032 1968 1373 2052 sequentis,
1421 1966 1631 2030 10280
1671 1959 1877 2034 10,.τὸ
1925 1958 2002 2029 ὂν
2036 2001 2121 2014 ——·
2164 1966 2608 2048 1·1·ποσαχῶς,
2653 1964 2761 2028 vix

541 2067 880 2132 verisimile
916 2079 1131 2156 potest
1163 2069 1388 2133 videri.
1455 2069 1586 2134 Iam
1624 2092 1813 2155 quum
1848 2067 2247 2155 singulorum
2286 2067 2566 2133 eiusdem
2600 2087 2762 2152 ope-

543 2168 629 2232 ris
673 2168 981 2238 librorum
1029 2172 1499 2238 distinctionem
1548 2172 1627 2236 ab
1672 2175 2118 2259 antiquissimis
2168 2172 2516 2237 editoribus
2562 2174 2760 2236 inter-

543 2274 956 2360 pretibusque
986 2276 1346 2341 Aristotelis
1376 2279 1720 2344 institutam
1756 2287 1821 2341 et
1848 2287 2146 2341 mutatam
2183 2297 2338 2354 esse,
2370 2286 2435 2340 et
2463 2293 2594 2340 uno
2618 2275 2763 2339 Me-

544 2376 1024 2463 taphysicorum
1054 2379 1206 2446 loco
1239 2379 1473 2445 diserte
1506 2378 1802 2445 traditum
1832 2381 1916 2446 sit
1946 2380 2051 2458 (cf.
2084 2380 2164 2444 ad
2201 2382 2289 2445 M
2311 2383 2372 2444 9.
2407 2381 2615 2444 1086·
2640 2379 2760 2458 21)

543 2491 611 2544 et
654 2484 721 2547 in
766 2482 906 2551 aliis
952 2484 1255 2569 operibus
1297 2482 1658 2550 Aristotelis
1698 2486 2059 2551 certissimis
2103 2483 2456 2549 rationibus
2496 2481 2765 2547 demon·

544 2589 727 2653 strari
758 2591 994 2674 possit:
1037 2609 1169 2653 non
1202 2586 1624 2673 improbabile
1655 2600 1770 2667 est,
1800 2590 1958 2655 haec
1988 2599 2260 2653 extrema
2292 2587 2440 2652 libri
2470 2588 2537 2652 E
2561 2586 2765 2651 verba

544 2687 653 2752 vel
700 2689 912 2757 addita
961 2713 1099 2755 esse
1147 2692 1226 2759 ab
1272 2696 1367 2770 iis,
1413 2696 1520 2777 qui
1564 2693 1692 2759 hoc
1736 2696 1803 2758 in
1843 2693 1990 2758 loco
2031 2691 2527 2778 disputationem
2567 2693 2763 2755 inter-

547 2791 847 2873 ciderent,
889 2794 997 2859 vel
1045 2795 1196 2860 inde
1245 2807 1401 2875 orta,
1449 2795 1622 2881 quod
1671 2795 1891 2862 eadem
1938 2796 2134 2861 verba
2171 2796 2253 2861 ab
2283 2794 2421 2861 aliis
2452 2795 2532 2860 ad
2560 2794 2761 2859 finem

546 2893 692 2960 libri
739 2901 1090 2984 superioris
1133 2899 1552 2978 traherentur,
1578 2898 1677 2964 ·ab
1725 2899 1862 2963 aliis
1907 2920 2027 2986 pro
2076 2898 2342 2964 exordio
2381 2902 2645 2985 proximi
2688 2898 2764 2963 li-

546 2996 645 3062 bri
687 3000 1096 3071 haberentur.
1146 3038 1225 3057 --
1286 3002 1489 3069 Simili
1547 3006 1801 3069 ratione
1855 3006 2202 3089 superioris
2262 3006 2563 3088 cuiusque
2614 3001 2767 3067 libri

550 3101 881 3171 conclusio
942 3127 1083 3170 cum
1141 3109 1404 3193 proximi
1464 3106 1612 3170 libri
1669 3107 1934 3171 exordio
1982 3105 2320 3192 aliquoties
2366 3109 2648 3172 concinit
2692 3109 2767 3172 in

548 3207 692 3275 Eth.
738 3209 890 3275 Nic.
927 3210 1023 3275 lv
1069 3220 1134 3275 et
1173 3212 1259 3289 ν,
1302 3211 1431 3277 Vll
1476 3221 1541 3275 et
1584 3210 1758 3289 Vm,
1803 3211 1893 3277 IX
1937 3210 2004 3277 et
2032 3213 2125 3277 X.

1479 3674 1707 3754 C'AP.
1774 3682 1832 3754 I.

685 3818 757 3882 Ε
797 3818 1080 3887 diversis
1124 3823 1295 3887 entis
1343 3822 1700 3906 gener-ibus
1749 3826 2035 3908 primum
2089 3832 2154 3888 et
2208 3833 2494 3911 tempore
2542 3834 2605 3890 et
2648 3847 2765 3889 no·

551 3924 729 3989 tione
772 3934 836 3988 et
879 3926 1250 4009 cognitione
1282 3936 1379 3993 eet
1409 3927 1799 4009 substantia,
1842 3929 2052 3995 1⁰28a
2091 3929 2394 4010 10—122,
2439 3928 2599 4001 baec
2632 3931 2767 4013 igi-.-

552 4035 678 4093 tur.
705 4028 1167 4113 investiganda
1212 4040 1309 4101 eet
1352 4033 1417 4097 ei
1460 4034 1577 4120 qui
1619 4055 1770 4113 em,
1820 4041 2138 4119 quatenus
2188 4042 2289 4098 eet
2332 4056 2479 4115 eru,
2524 4052 2763 4116 eogno-

552 4152 739 4197 ecore
781 4132 1058 4199 voluerit
1106 4172 1186 4186 -
1230 4137 1262 4190 b
1280 4138 1339 4200 7,

685 4250 788 4314 De
834 4253 1125 4318 universa
1173 4253 1355 4318 huius
1403 4257 1626 4341 capitis
1674 4253 2105 4387 disputatione
2150 4254 2229 4319 cf.
2268 4253 2568 4319 Trendel.
2615 4254 2760 4318 Kat.

552 4377 615 4440 p.
652 4356 732 4419 71
776 4375 910 4440 sqq.
