3043 4973
525 246 669 320 524
1317 249 1398 320 A
1456 245 1567 320 10.
1651 244 1837 320 1075
1857 245 1922 318 b.

488 496 493 501 ,
525 426 683 489 riter
717 433 891 509 apta3
930 444 1237 489 summum
1272 426 1468 511 igitur
1502 426 1897 510 principium,
1935 423 2234 508 quoniam
2268 443 2305 486 a
2337 423 2596 486 materia
2631 429 2738 486 est

526 529 828 606 immune,
885 525 1051 591 idem
1110 532 1384 592 immune
1438 540 1534 591 est
1579 550 1614 590 a
1661 529 2126 591 contrarietate.
2173 560 2262 576 -——
2300 527 2429 591 ⁶18
2474 526 2734 590 ταῦτα

526 651 602 694 ex
646 629 745 695 ed.
792 630 938 695 Ald.
988 642 1052 696 et
1095 633 1275 695 Bess.
1324 633 1546 717 scripsi
1591 652 1710 717 pro
1756 630 1930 718 vulg.
1976 626 2209 696 ταύτά.
2282 631 2513 715 Neque
2561 631 2733 694 enim

524 733 651 797 hoc
692 745 911 820 potest
939 733 1316 800 Aristoteles
1362 733 1593 812 dicere,
1639 739 1955 799 contraria
1999 734 2166 799 idem
2214 755 2372 811 esse,
2418 733 2532 798 sed
2579 754 2734 797 con-

524 840 743 914 traria,
801 842 1099 924 quoniam
1147 858 1285 901 cum
1331 840 1591 902 materia
1635 844 1998 904 necessario
2047 840 2386 904 coniuncta
2433 846 2607 915 sunt,
2654 858 2734 901 ex

527 945 662 1005 eius
700 950 925 1006 natura
962 941 1030 1006 id
1062 943 1266 1026 ipsum
1296 940 1547 1020 habere,
1586 952 1657 1006 ut
1687 947 1975 1028 potentia
2008 946 2135 1007 sint
2167 944 2510 1017 contraria3
2556 939 2736 1026 quod

526 1044 734 1107 album
783 1053 881 1108 est
924 1056 1083 1123 actu,
1129 1043 1294 1108 idem
1341 1048 1591 1132 nigrum
1633 1058 1728 1111 est
1762 1051 2050 1133 potentia
2093 1069 2170 1110 ac
2203 1049 2343 1109 vice
2382 1066 2582 1109 versa.
2650 1043 2735 1108 ld

524 1157 734 1211 autem
782 1147 1098 1236 significat
1140 1168 1326 1233 pron.
1371 1150 1601 1226 ταῦτα,
1645 1150 1821 1236 quod
1867 1173 1982 1236 per
2022 1151 2291 1215 ἐναντία
2328 1158 2502 1213 recte
2540 1146 2733 1233 expli-

526 1254 657 1315 cuit
686 1251 1050 1317 Alexander
1086 1276 1151 1338 p.
1176 1253 1323 1329 695,
1353 1252 1471 1314 29:
1514 1247 1737 1318 πάντα
1780 1249 1911 1342 γάρ
1955 1249 2041 1319 τοὶ
2085 1254 2353 1319 ἐναντία
2395 1247 2560 1332 ὕλην
2604 1253 2735 1336 ἔχει

523 1357 636 1420 καὶ
694 1360 764 1420 ἐν
821 1351 942 1446 ὕλῃ
997 1358 1136 1421 ἐστὶ
1189 1357 1302 1420 καὶ
1346 1350 1619 1439 δυνάμει
1663 1359 1802 1422 ἐστὶ
1844 1353 1934 1422 τὸ
1980 1358 2387 1422 ἐναντίον.
2435 1393 2517 1407 -
2577 1358 2735 1420 Pro-

522 1461 685 1522 xima
744 1469 951 1524 autem
1009 1459 1232 1523 verba:
1296 1454 1335 1538 ἡ
1392 1459 1463 1523 δὲ
1519 1462 1791 1524 ἐναντία
1848 1457 2086 1543 ἄγνοια
2146 1465 2235 1535 εὶς
2289 1454 2365 1523 τὸ
2411 1460 2732 1537 ἐναντίον,

525 1563 852 1648 quomodo
909 1563 1017 1627 vel
1073 1562 1377 1649 explicem
1433 1563 1540 1627 vel
1598 1562 1926 1627 emendem
1984 1584 2119 1627 non
2167 1563 2397 1628 habeo.
2489 1562 2734 1629 Confe-

523 1668 725 1733 renda
771 1666 1024 1755 quidem
1069 1666 1369 1731 videntur
1404 1688 1566 1752 quae
1607 1665 1760 1731 dicit
1789 1668 1894 1731 Ar.
1943 1666 2001 1732 Θ
2032 1670 2135 1732 10.
2172 1669 2376 1732 1051b
2400 1669 2505 1747 30,
2548 1671 2625 1732 iis
2663 1671 2730 1731 in

522 1772 747 1850 rebuS,
792 1793 952 1858 quae
998 1780 1147 1835 sunt
1190 1765 1350 1855 ὅπερ
1396 1768 1567 1837 εἶναι’
1607 1794 1674 1835 τι
1714 1772 1828 1835 καὶ
1871 1773 2163 1858 ἐνεργείᾳ
2176 1821 2193 1851 ,
2246 1774 2548 1836 scientiae
2594 1792 2732 1836 non

524 1879 773 1961 opponi
809 1886 1107 1954 errorem,
1147 1873 1262 1938 sed
1299 1877 1635 1938 inscitiam:
1681 1868 1758 1940 τὸ
1799 1875 1869 1940 δὲ
1907 1871 2164 1954 ἀληθὲς
2199 1871 2277 1941 τὸ
2313 1881 2493 1941 νοεῖν
2526 1869 2728 1939 αὑτά·

522 1972 600 2042 τὸ
645 1979 714 2044 δὲ
759 1980 1006 2069 ψεῦδος
1051 1975 1169 2043 οὐκ
1213 1979 1410 2057 ἔστιν,
1455 1976 1593 2045 οὐδ’
1634 1973 1887 2059 ἀπάτη,
1934 1975 2079 2043 ἀλλ’
2122 1973 2380 2064 ἄγνοια.
2470 1978 2601 2044 Sed
2642 1983 2727 2065 ita

525 2080 792 2146 divinari
849 2083 1102 2169 quidem
1156 2082 1463 2167 quaedam
1509 2086 1823 2151 sententia
1867 2091 2112 2168 potest,
2167 2104 2304 2146 non
2348 2086 2488 2168 ipsa
2533 2082 2727 2147 verba

525 2184 947 2271 explicantur3
1003 2207 1126 2250 nec
1178 2207 1340 2272 quae
1386 2185 1564 2250 Alex.
1616 2196 1681 2251 et
1724 2187 1931 2252 Schw.
1990 2198 2472 2272 proposuerunt
2497 2190 2589 2268 ¹),
2643 2187 2727 2251 ad

522 2288 996 2374 interpretanda
1041 2288 1239 2354 verba
1282 2289 1581 2355 videntur
1624 2290 1940 2355 sufficere.

654 2395 999 2458 1124-36.
1073 2395 1312 2459 Rerum
1347 2394 1737 2459 sensibilium
1775 2404 1848 2458 ut
1882 2392 2231 2480 explicetur
2266 2397 2631 2460 exsistentia
2665 2405 2729 2460 et

521 2501 872 2584 generatio,
918 2498 1284 2585 ponendum
1328 2500 1626 2585 profecto
1673 2509 1996 2563 aeternum
2034 2499 2355 2585 quidpiam
2391 2512 2506 2579 est,
2552 2501 2726 2586 quod

523 2602 608 2665 sit
650 2612 903 2687 praeter
945 2624 1049 2667 res
1093 2602 1433 2668 sensibiles
1477 2605 1599 2684 (cf.
1637 2604 1704 2669 B
1738 2605 1799 2667 4.
1841 2605 2002 2668 999⁶
2027 2605 2087 2668 5.
2133 2604 2204 2668 K
2232 2606 2293 2668 2.
2336 2606 2548 2671 1060oe
2569 2609 2723 2685 26);

525 2705 700 2790 quod
729 2709 854 2770 nisi
882 2710 1296 2792 posuerimus,
1325 2707 1490 2772 ordo
1518 2711 1798 2773 universi
1825 2707 2042 2772 mundi
2069 2707 2176 2787 (cf.
2207 2710 2417 2774 1075a
2439 2711 2727 2789 11—25)

529 2818 596 2872 et
638 2818 894 2873 aeterna
941 2810 1217 2875 siderum
1261 2821 1485 2875 natura
1535 2811 1833 2896 explicari
1877 2814 2126 2896 nequit,
2179 2811 2296 2875 sed
2338 2813 2611 2898 perinde
2651 2835 2731 2877 ac

527 2911 819 2999 theologi
865 2923 929 2976 et
972 2913 1383 3000 physicorum
1427 2912 1707 2999 plurimi,
1766 2918 1874 2999 qui
1931 2914 2323 2979 indefinitam
2374 2920 2726 3002 potentiam

523 3019 592 3079 in
636 3018 954 3101 principio
999 3025 1358 3102 posuerunt
1404 3016 1523 3097 (cf.
1556 3021 1618 3082 6.
1654 3020 1856 3083 10716
1880 3021 1986 3083 26.
2045 3022 2105 3084 7.
2146 3019 2356 3084 1072a
2382 3022 2526 3100 19),
2570 3042 2728 3107 quo-

522 3123 699 3184 niam.
736 3123 1023 3207 potentia
1069 3132 1141 3186 ut
1183 3131 1462 3186 transeat
1507 3120 1586 3185 ad
1633 3132 1837 3187 actum
1883 3122 2067 3186 aliam
2111 3144 2243 3186 rem
2288 3127 2549 3208 requirit
2584 3135 2727 3189 actu

524 3227 943 3303 exsistentem,
990 3225 1071 3289 ab
1108 3225 1310 3291 altero
1345 3228 1662 3312 principio
1699 3225 1781 3292 ad
1816 3227 2078 3292 alterum
2109 3248 2308 3312 usque
2338 3225 2729 3309 redire-(dei

523 3332 640 3409 τῆς
684 3326 892 3414 ἀρχῆς
937 3325 1110 3416 ἀρχή
1142 3332 1312 3410 ὀ26)
1362 3339 1427 3394 et
1467 3333 1557 3394 ita
1601 3334 1666 3394 in
1712 3330 2027 3395 infinitum
2072 3330 2375 3418 progredi
2419 3336 2723 3420 cogimur.

522 3434 608 3498 At
651 3454 784 3496 non
831 3431 1072 3497 debent
1115 3446 1460 3520 propterea
1517 3434 1623 3500 vel
1666 3435 1848 3500 ideae
1891 3435 1998 3499 vel
2040 3439 2283 3499 numeri
2329 3457 2452 3522 pro
2497 3440 2727 3523 princi-

521 3539 644 3623 piis
688 3539 961 3600 aeternis
993 3541 1168 3623 poni.
1240 3540 1333 3603 Ea
1372 3542 1538 3604 enim
1573 3537 1680 3603 vel
1713 3539 1948 3603 nullius
1984 3542 2247 3604 omnino
2284 3543 2377 3604 rei
2411 3539 2518 3604 vel
2552 3550 2727 3604 certe

520 3651 732 3706 motus
769 3662 955 3706 causa
993 3661 1136 3707 esse
1171 3663 1306 3707 non
1344 3651 1634 3729 possunt,
1680 3643 1756 3708 cf.
1794 3643 1875 3708 ad
1912 3646 2072 3721 ⁶193
2114 3654 2455 3730 praeterea·
2478 3647 2726 3709 numeri

630 3865 692 3935 1)
728 3870 867 3921 Alex.
894 3890 946 3939 p.
971 3885 1087 3933 695,
1115 3886 1204 3925 34:
1243 3891 1375 3926 ωστε
1415 3868 1535 3925 οῦδὲ
1571 3872 1637 3947 τῇ
1677 3874 1795 3944 περὶ
1830 3867 2001 3942 αὗτὴν
2036 3869 2295 3945 ἐπιστήμη
2335 3876 2449 3954 ἑνὶ
2430 3893 2477 3926 ιν
2512 3876 2726 3927 ἐναντίοι

519 3953 556 4024 ἦ
593 3950 812 4023 ἄγνοια
848 3959 895 4008 εἰ
928 3953 1031 4027 γάρ
1068 3963 1262 4011 ἐστιν
1241 3957 1273 4027 j
1311 3954 1500 4028 ἄγνοια
1535 3962 1748 4013 ἐναντία
1783 3959 1848 4034 τῇ
1885 3958 2111 4031 τοιαύτη
2142 3960 2422 4032 έπιστημῃ,
2457 3964 2605 4015 ἔσται
2633 3962 2726 4014 καὶ

520 4041 584 4093 τὸ
621 4038 799 4110 περὶι
779 4063 807 4093 ο
835 4039 868 4109 ἡ
898 4062 1087 4110 αγνοια
1114 4047 1220 4096 έναι
1223 4047 1348 4097 ’τίον
1377 4043 1441 4119 τῇ
1476 4043 1654 4118 πρώτῃ
1686 4041 1838 4121 ἆρχῇ.
1894 4046 2091 4098 Schwaz
2129 4043 2251 4098 Den
2266 4046 2563 4119 folgenden
2587 4047 2724 4102 Sais

519 4126 746 4179 schreibt!
781 4125 867 4179 ich
902 4118 1059 4201 ,10εῇ
1097 4130 1150 4181 δὲ
1186 4134 1400 4183 ἐναντία
1434 4153 1533 4201 ayn
1538 4153 1587 4184 οι
1570 4154 1645 4196 ια,
1684 4136 1755 4192 εἰς
1792 4132 1856 4185 τὸ
1892 4135 2127 4183 ἐναντίον
2162 4127 2261 4198 (sc.
2303 4137 2435 4186 πίπτ
2407 4155 2483 4186 τιε
2493 4130 2534 4200 ).
2589 4134 2722 4186 “So-

508 4213 643 4286 sem
655 4213 814 4282 jener
840 4212 1232 4286 Wissemchaft
1259 4212 1383 4282 (der
1408 4237 1461 4268 τι
1443 4239 1519 4286 ιιμ
1523 4239 1593 4269 ωτ
1597 4214 1700 4288 ἀτη
1733 4222 1813 4271 ἐπι
1817 4237 1907 4271 στ
1885 4214 1975 4288 ἡμῑ
1961 4213 2027 4283 η)
2066 4217 2150 4269 elie
2174 4218 2555 4272 Unwiuenlzeit
2582 4214 2727 4287 (und

518 4299 668 4353 nicht
698 4307 836 4353 etwa
870 4298 986 4351 eine
1019 4300 1210 4351 andere
1240 4300 1666 4375 Wissemchafl)
1700 4311 2165 4375 entgegengesetzt
2199 4305 2289 4372 ist,
2328 4321 2385 4357 w
2410 4305 2559 4377 faut
2585 4304 2722 4358 auch

518 4386 656 4439 dieze
689 4394 846 4442 anter
880 4387 980 4440 den
1017 4386 1373 4457 Gegematx.»
