3043 4973
550 230 694 306 540
1363 238 1463 306 M
1507 233 1580 306 ¹6.
1664 231 1931 309 1080a.

548 409 869 497 thagorei,
929 408 1078 474 licet
1124 408 1449 496 aliquanto
1493 410 1709 489 aliter,
1767 412 2045 476 numeris
2091 431 2388 475 summam
2437 412 2755 477 essentiae

550 511 918 600 dignitatem
962 517 1458 602 assignaverant.
1550 516 1846 581 Numeris
1905 517 2070 579 enim
2131 514 2382 579 definiri
2431 524 2494 581 et
2536 534 2752 581 nume-

547 636 758 681 rorum
815 615 963 705 lege
1020 622 1160 705 regi
1216 640 1629 704 quaecunque
1688 617 1791 683 vel
1837 627 1987 684 sunt
2028 618 2133 688 vel
2185 618 2379 698 fiunt,
2435 620 2752 685 neminem

546 728 766 804 potest
809 719 1007 786 latere
1051 721 1272 808 paullo
1321 726 1521 789 acrius
1570 733 1854 788 naturam
1901 742 2110 789 rerum
2163 725 2540 798 intuentem3
2600 725 2753 787 item

546 845 845 888 numeros
889 828 1065 910 ipsos
1108 826 1302 911 plane
1348 847 1488 893 esse
1536 826 1853 905 definitoS,
1898 835 1970 892 ut
2013 829 2120 912 qui
2166 826 2307 890 aliis
2351 825 2540 891 rebus
2585 825 2753 891 fines

548 926 938 1006 describant,
997 942 1279 1015 apparet.
1371 930 1498 993 lam
1547 930 1732 995 Plato
1789 952 1979 1016 quum
2038 929 2319 994 idearum
2378 942 2634 994 aeterna
2688 939 2755 994 et

546 1031 917 1097 immutabili
976 1042 1199 1096 natura
1258 1036 1731 1100 universitatem
1790 1055 1996 1100 rerum
2059 1033 2449 1129 sensibilium
2494 1036 2630 1121 regi
2676 1055 2756 1096 ac

548 1135 802 1200 definiri
862 1147 925 1200 et
983 1135 1062 1200 ad
1121 1136 1595 1202 similitudinem
1643 1138 1957 1224 quandam
2006 1148 2070 1203 et
2113 1142 2390 1225 speeiem
2439 1139 2753 1202 essentiae

546 1240 811 1327 perduci
855 1243 1203 1320 statuisset,
1260 1241 1436 1306 ideas
1484 1251 1692 1307 autem
1736 1265 1856 1329 per
1901 1264 1999 1321 se,
2056 1241 2230 1307 nulla
2283 1242 2496 1306 habita
2542 1262 2751 1306 rerum

546 1344 936 1410 sensibilium
984 1348 1231 1410 ratione
1271 1345 1539 1412 definire
1571 1364 1702 1412 non
1735 1357 1959 1433 posset
1999 1346 2116 1427 (cf.
2149 1348 2212 1410 Z
2238 1348 2341 1411 16.
2377 1346 2578 1411 104011
2603 1346 2691 1411 3⁰
2705 1349 2751 1425 ),

548 1471 701 1535 quas
733 1459 943 1515 tamen
973 1453 1061 1514 ita
1092 1449 1459 1516 definivisse
1490 1450 1572 1516 ad
1603 1449 2094 1517 consummanda
2130 1453 2265 1517 eius
2293 1449 2528 1537 placita
2557 1472 2749 1535 quum

545 1558 808 1619 maxime
852 1557 1305 1639 requireretur:
1358 1577 1628 1640 pronum
1676 1576 1829 1619 saue
1877 1564 2030 1632 erat,
2074 1555 2247 1641 quod
2295 1554 2374 1620 ad
2420 1555 2597 1621 ideas
2642 1553 2752 1619 de—

541 1657 861 1725 finiendas
920 1657 1418 1736 desideraretur,
1476 1658 1541 1722 id
1599 1668 1893 1746 repetere
1938 1681 2341 1725 numerorum
2391 1681 2465 1727 ex
2508 1667 2752 1737 natura,

544 1761 848 1847 ideasque
894 1763 1135 1829 referre
1182 1761 1260 1826 ad
1307 1784 1604 1827 numeros
1649 1762 1754 1827 vel
1800 1784 2099 1828 numeros
2134 1785 2265 1851 pro
2302 1763 2611 1849 symbolis
2642 1763 2753 1831 ad-

545 1864 769 1929 hibere
813 1866 1095 1931 idearum
1142 1868 1261 1946 (cf.
1298 1866 1623 1953 Theophr.
1656 1867 1813 1932 Met.
1846 1869 1993 1944 313,
2028 1871 2093 1933 7:
2137 1862 2434 1933 Πλάτων
2474 1869 2594 1951 μὲν
2630 1857 2752 1935 οὖν

547 1973 616 2035 ἐν
662 1971 754 2052 τῷ
798 1966 1068 2054 ἀνάγειν
1112 1964 1239 2051 (roi
1285 1965 1487 2049 ὄντα)
1535 1975 1622 2046 εἰς
1678 1963 1798 2046 τὰς
1853 1965 2064 2056 ἀρχὰς
2121 1967 2366 2049 δόξειεν
2422 1967 2506 2035 ἀν
2555 1966 2750 2036 ἅπτε-

437 2104 442 2107 ·
547 2074 722 2137 σθαι
766 2076 896 2138 τῶν
941 2068 1189 2152 ἄλλων,
1247 2079 1335 2151 εἰς
1391 2067 1511 2148 τὰς
1568 2074 1747 2148 ἰδέας
1789 2070 2132 2152 ἀνάπτων,
2189 2069 2495 2151 ταύτας
2538 2073 2596 2143 δ’
2639 2080 2753 2151 εὶς

544 2169 733 2252 τοὺς
778 2174 1228 2261 ἀριθμούς,
1275 2182 1342 2243 ὲκ
1389 2179 1457 2242 δὲ
1502 2173 1752 2243 τούτων
1798 2182 1886 2254 εὶς
1929 2172 2048 2253 τὰς
2088 2174 2375 2266 ἀρχάς.)
2444 2178 2754 2264 Quocun-

546 2302 669 2365 que
715 2283 784 2344 iu
827 2281 947 2343 hac
990 2302 1063 2347 re
1108 2282 1311 2347 verbo
1371 2291 1648 2360 utamur,
1705 2280 2050 2347 verendum
2109 2285 2308 2370 magis
2367 2291 2465 2347 est
2522 2304 2602 2347 ne
2659 2286 2753 2347 ni-

544 2388 763 2462 mium,
823 2407 1006 2471 quam
1067 2407 1150 2449 ne
1204 2407 1424 2471 parum
1486 2408 1621 2451 eam
1675 2385 2069 2453 definiamus,
2159 2386 2345 2452 Plato
2393 2389 2557 2453 enim
2602 2386 2753 2453 licet

541 2511 623 2558 ‚ex
670 2490 1029 2556 Aristotelis
1088 2493 1452 2556 testimonio
1514 2490 1746 2556 dixisse
1802 2490 2094 2557 videatur
2151 2485 2270 2568 τὰς
2313 2492 2491 2568 ἰδέας
2536 2485 2752 2558 εἶναι

546 2589 899 2680 ἀριθμούς,
937 2606 1152 2662 ‘tamen
1197 2595 1317 2660 hos
1362 2617 1680 2674 numerOS,
1727 2597 1835 2681 qui
1869 2595 2151 2660 idearum
2195 2598 2615 2682 exprimerent
2642 2619 2750 2662 na-

547 2708 764 2777 turam,
800 2721 835 2762 a
866 2700 1318 2764 mathematicis
1351 2722 1421 2766 ea
1458 2700 1736 2766 distinxit
1765 2703 2034 2778 ratione,
2074 2723 2237 2785 quae
2267 2724 2337 2765 re
2368 2723 2517 2768 vera
2550 2704 2748 2787 ipsam

544 2825 951 2870 numerorum
986 2813 1270 2868 naturam
1316 2807 1570 2889 penitus
1609 2803 1883 2868 tolleret.
1959 2805 2097 2868 Hos
2135 2807 2298 2872 enim
2329 2826 2629 2872 numeros
2658 2804 2752 2870 di-

545 2910 635 2971 xit
681 2928 821 2972 esse
868 2902 1354 2989 ἀσυμβλήτους,
1414 2911 1769 2974 consociari
1818 2930 1948 2973 non
1996 2927 2189 2994 posse
2235 2931 2355 2973 nec
2400 2912 2749 2996 computari

547 3009 811 3074 alterum
861 3033 997 3074 cum
1046 3010 1268 3075 altero.
1357 3010 1486 3076 Sed
1542 3035 1734 3098 quum
1789 3015 2065 3078 numeris
2112 3012 2467 3092 abstracti8‚
2526 3024 2749 3100 utpote

544 3114 1088 3204 magnitudinibus
1149 3113 1427 3180 eiusdem
1486 3120 1754 3200 speciei,
1812 3116 1877 3181 id
1934 3120 2297 3182 necessario
2344 3118 2748 3186 tribuendum

546 3222 642 3298 sit,
688 3230 760 3285 ut
802 3224 1187 3286 incrementa
1234 3242 1310 3283 ac
1353 3218 1755 3285 decrementa
1800 3224 1966 3286 inter
2009 3243 2079 3285 se
2128 3231 2191 3286 et
2228 3221 2513 3288 efficiant
2547 3233 2612 3290 et
2642 3246 2749 3309 pa-

544 3327 809 3404 tiantur,
855 3326 981 3388 hoc
1026 3328 1132 3411 qui
1177 3335 1387 3413 negat,
1435 3328 1488 3390 is
1535 3345 1832 3392 numeros
1878 3325 2214 3392 manifesto
2261 3347 2395 3394 non
2442 3332 2749 3413 quantita-

547 3440 644 3494 tes
690 3428 982 3493 definitas
1031 3450 1170 3494 esse
1218 3429 1398 3506 dicit,
1451 3429 1566 3493 sed
1612 3429 1944 3515 qualitates
1992 3429 2313 3509 definitas,
2360 3454 2512 3517 quas
2559 3451 2749 3518 quum

544 3535 716 3618 ipsas
761 3532 1120 3597 describere
1165 3555 1301 3600 non
1345 3537 1549 3618 possit
1594 3533 1675 3599 ad
1719 3555 2137 3602 numerorum·
2160 3537 2497 3623 imaginem
2530 3537 2751 3604 confu-

544 3640 657 3723 git.
737 3637 943 3723 Atque
988 3637 1152 3702 hanc
1195 3637 1277 3701 de
1323 3642 1597 3702 numeris
1645 3637 2013 3716 doctrinam,
2059 3660 2222 3724 quae
2265 3643 2332 3703 in
2368 3643 2507 3727 ipsa
2538 3639 2750 3708 Plato—

546 3744 643 3806 nis
690 3740 1095 3826 philosophia
1140 3746 1241 3805 vix
1286 3742 1696 3827 aliam,quam
1739 3729 2108 3829 appendicis
2145 3742 2356 3812 locum
2387 3753 2604 3831 potest
2635 3744 2752 3812 ob-

547 3846 768 3922 tinere,
814 3848 857 3908 ii
901 3867 975 3910 ex
1024 3844 1351 3932 discipulis
1399 3846 1702 3924 PlatoniS,
1748 3851 1854 3932 qui
1899 3850 1967 3912 in
2013 3846 2420 3935 philosophia
2459 3850 2750 3936 magistri

548 3952 1022 4033 acquieverunt,
1082 3961 1420 4036 tantopere
1465 3950 1946 4030 adamaverunt,
2000 3962 2071 4017 ut
2116 3954 2377 4032 omissa,
2434 3952 2607 4039 quod
2654 3962 2755 4018 est

547 4053 916 4120 Platonicae
973 4051 1417 4141 philosophiae
1476 4065 1696 4141 caput,
1754 4055 2035 4128 idearum
2094 4056 2384 4124 doctrina
2430 4060 2496 4122 in
2543 4061 2754 4141 exqui-

546 4157 745 4224 renda
788 4180 1192 4224 numerorum
1240 4158 1493 4225 illorum
1551 4163 1797 4226 ratione
1843 4181 2047 4246 prope
2095 4163 2280 4224 unice
2326 4160 2755 4241 elaborarent,

546 4263 719 4332 unde
776 4261 1152 4350 intelligitur
1209 4285 1320 4327 cur
1376 4273 1619 4330 tantum
1677 4285 1914 4350 operae
1965 4266 2044 4329 iis
2090 4260 2438 4332 'refutandis
2483 4265 2591 4328 Ar.
2639 4267 2751 4328 tri·

548 4368 774 4436 buerit.
857 4368 1164 4432 Nimirum
1213 4389 1400 4452 quum
1439 4370 1720 4454 ingeniis
1766 4367 2137 4435 viderentur
2182 4368 2374 4435 fuisse
2421 4366 2500 4431 ad
2543 4365 2755 4453 philo-
