3043 4973
513 203 534 223 ’
588 226 734 302 alo
1420 231 1496 300 Z
1538 227 1605 300 4.
1690 226 1962 301 10300.

587 402 1062 492 quodammodo
1102 403 1365 491 reliquis
1405 407 1594 469 etiam
1635 405 1998 493 categoriis.
2073 404 2251 468 Haec
2291 402 2494 470 laxior
2528 403 2647 469 τοῦ
2681 424 2792 482 τηε

587 508 974 598 significatio
1014 513 1353 576 coniuncta
1395 519 1494 578 est
1529 512 1837 574 artissime
1878 531 2019 576 cum
2061 510 2241 573 vario
2286 509 2405 574 τοῦ
2449 502 2618 573 εἶναι
2660 529 2793 586 usu,

585 613 833 700 qualem
878 617 1097 680 statuit
1134 613 1575 701 philosophus
1653 614 1849 678 Esse
1894 616 2061 679 enim
2097 611 2249 678 licet
2287 614 2583 698 primaria
2622 615 2684 676 vi
2722 633 2795 676 ac

583 727 908 805 potestate
952 719 1301 786 substantia
1350 717 1623 795 dicatur,
1670 727 1881 783 tamen
1926 704 2060 783 eius
2104 719 2389 782 notionis
2432 719 2530 780 vis
2576 719 2662 780 ita
2707 726 2796 780 at—

582 831 894 900 tenuatur,
941 833 1011 886 ut
1052 822 1312 909 reliquis
1355 825 1540 888 etiam
1580 821 1891 888 tribuatur
1929 824 2286 910 categoriiS.
2356 819 2544 905 Quae
2575 841 2796 884 omnes

584 947 774 1012 quum
821 926 1117 992 dicuntur
1163 948 1320 1005 esse,
1373 926 1439 991 id
1484 930 1690 1013 ipsum
1738 935 1808 992 ut
1851 929 1978 992 sint
2023 947 2144 991 nec
2189 924 2406 990 eadem
2452 926 2518 988 vi
2562 946 2639 987 ac
2683 944 2795 988 no-

584 1034 763 1096 tione
811 1030 1104 1096 tribuitur
1149 1029 1445 1095 omnibus
1491 1025 1941 1114 (συνωνύμως,
1985 1029 2090 1095 vel
2136 1028 2310 1116 quod
2348 1029 2476 1093 hoc
2511 1026 2665 1092 loco
2709 1027 2799 1092 di-

586 1136 671 1199 cit
717 1130 1024 1211 ὡσαύτως
1059 1137 1212 1213 α35,
1256 1131 1425 1200 καθ’
1465 1141 1534 1201 ἕν
1569 1137 1714 1216 ⁶3),
1759 1156 1881 1199 nec
1928 1145 2137 1199 tamen
2178 1154 2297 1219 per
2332 1153 2562 1196 meram
2595 1134 2799 1197 nomi·

586 1241 684 1302 nis
731 1237 1122 1303 identitatem
1171 1237 1419 1303 diversa
1479 1260 1743 1325 prorsus
1799 1249 1862 1303 et
1906 1238 2221 1304 disiuncta
2266 1239 2534 1302 notione
2582 1232 2797 1319 (ὁμω-

583 1337 803 1426 νύμως
837 1344 989 1422 ⁶34,
1033 1343 1190 1424 ⁶3),
1247 1340 1362 1408 sed
1419 1352 1763 1429 propterea
1823 1342 1996 1429 quod
2035 1343 2138 1407 ‚ad
2196 1364 2387 1408 unum
2431 1363 2510 1405 ac
2550 1343 2799 1427 potissi-

585 1468 754 1511 mum
798 1469 1004 1535 genus
1047 1449 1168 1512 τοῢ
1213 1443 1397 1525 εἶναι,
1443 1446 1523 1511 ad
1569 1447 1979 1512 substantiam
2025 1446 2191 1525 dico,
2238 1445 2482 1532 reliqua
2516 1444 2801 1509 referun—

470 1586 474 1589 >
583 1561 688 1616 tur
734 1554 946 1616 omnia
994 1543 1199 1634 (πρὸς
1243 1556 1314 1618 ἕν
1349 1553 1495 1632 ⁶3),
1545 1550 1623 1617 cf.
1671 1552 1753 1618 ad
1787 1552 1855 1616 Γ
1881 1553 1942 1616 2.
1982 1551 2192 1616 1003α
2221 1552 2328 1616 33.
2405 1548 2583 1634 Quid
2622 1548 2799 1635 quod

585 1657 773 1719 etiam
820 1654 978 1720 illud
1025 1676 1204 1720 esse
1247 1655 1374 1721 huc
1415 1656 1628 1735 refert,
1675 1677 1803 1743 qno
1843 1676 1978 1720 non
2018 1657 2443 1722 exsistentiam
2480 1654 2802 1741 significa-

581 1780 739 1838 muS,
777 1758 890 1824 sed
927 1758 1277 1846 praedicati
1315 1782 1453 1825 cum
1488 1759 1781 1825 subiecto
1821 1762 2334 1826 coniunctionem
2373 1760 2534 1824 «1252
2582 1753 2797 1843 ὥσπερ

584 1864 692 1928 ἐπὶ
734 1862 855 1927 τοῦ
896 1856 998 1945 μὴ,
1037 1856 1232 1940 ὄντος
1274 1864 1548 1948 λογικῶς
1594 1866 1766 1952 φασί
1808 1888 1977 1941 τινες
2023 1857 2239 1930 εἶναι
2281 1854 2357 1927 td
2402 1856 2496 1946 μὴ
2536 1855 2632 1940 ὅν,
2684 1859 2800 1947 οὐχ

585 1963 812 2044 ἁπλῶς
839 1959 1013 2031 ἀλλὰ
1041 1961 1134 2048 μὴ
1168 1961 1263 2047 ὅν,
1302 1971 1594 2035 nimirum
1625 1969 1970 2053 λογικῶς
2004 1968 2117 2048 (cf.
2150 1966 2230 2031 ad
2261 1967 2331 2032 Γ
2350 1968 2411 2032 3.
2448 1968 2651 2032 100ὖὸ
2678 1968 2797 2045 22)

583 2073 906 2135 non-enti
961 2069 1251 2136 tribuunt
1307 2083 1380 2139 ut
1432 2077 1544 2154 sit,
1603 2077 1746 2160 quia
1805 2095 1944 2138 esse
2002 2071 2163 2138 illud
2219 2067 2437 2135 dicunt
2484 2074 2550 2134 in
2606 2092 2797 2158 expo-

582 2173 802 2239 nendo
859 2170 1072 2259 λόγῳ
1129 2176 1248 2241 τοῦ
1299 2170 1393 2261 μὴ
1451 2173 1673 2255 ὄντος,
1732 2200 1941 2265 neque
1984 2198 2141 2242 vero
2189 2176 2272 2242 ad
2315 2175 2794 2265 significandam

585 2280 722 2343 eius
771 2281 1224 2356 exsistentiam,
1281 2279 1361 2345 cf.
1408 2280 1489 2345 de
1534 2285 1793 2369 interpr.
1843 2285 1944 2347 11.
1990 2283 2115 2347 21⁴1
2151 2283 2267 2347 32:
2323 2274 2400 2346 τὸ
2449 2279 2518 2345 δὲ
2558 2274 2652 2365 μὴ
2703 2275 2795 2359 ὅν,

584 2375 689 2447 ὅτι
748 2377 1105 2460 δοξαστόν,
1161 2379 1281 2448 οὐκ
1336 2381 1594 2465 ἀληθὲς
1649 2391 1850 2452 εἰπεῖν
1908 2379 1987 2451 ὅν
2039 2406 2135 2449 τι·
2194 2379 2357 2463 δόξα
2411 2379 2540 2471 γὰρ
2587 2381 2796 2452 αὐτοῦ

583 2488 763 2552 ἐστὶν
803 2483 922 2573 οὐχ
967 2482 1072 2553 ὅτι
1115 2490 1290 2557 ἔστιν
1333 2486 1480 2555 ἀλλ’
1516 2486 1620 2556 ὅτι
1657 2488 1775 2557 οὐκ
1809 2492 2000 2557 ἔστιν.
2054 2492 2122 2555 Γ
2143 2494 2204 2556 2.
2239 2492 2440 2556 1003ὸ
2468 2493 2570 2556 10.
2623 2494 2705 2556 A
2737 2494 2791 2556 1.

584 2592 796 2657 1069a
832 2594 940 2658 23.
999 2593 1254 2680 Phys.1
1292 2596 1353 2661 3.
1405 2598 1570 2661 187⁶
1601 2598 1663 2661 5.
1738 2597 1937 2659 Esse
1980 2598 2175 2684 igitur
2216 2595 2311 2660 his
2357 2594 2794 2682 similibusque

580 2696 773 2765 rebus
818 2697 1108 2767 tribuunt
1149 2721 1284 2766 non
1330 2700 1713 2787 simpliciter,
1757 2699 1872 2765 sed
1910 2700 2383 2783 προστιθέντες
2420 2701 2570 2778 α33,
2614 2703 2794 2765 nimi-

580 2822 718 2864 rum
760 2795 839 2866 τὸ
884 2800 1471 2890 κατηγορούμενον,
1513 2803 1620 2870 vel
1663 2803 1829 2871 idem
1866 2826 1986 2890 per
2023 2802 2393 2889 particulam
2429 2807 2793 2892 negativam

583 2900 1040 2994 ἀφαιροῦντες.
1132 2906 1332 2993 Quod
1375 2911 1429 2971 si
1477 2929 1653 2973 esse
1699 2908 2099 2974 multifariam
2148 2919 2514 2995 usurpatur,
2569 2930 2792 2974 conse-

583 3029 781 3093 quens
841 3009 992 3075 inde
1052 3021 1174 3091 est,
1234 3023 1304 3076 ut
1359 3015 1547 3077 etiam
1597 3035 1669 3078 ea
1719 3016 2035 3099 quaesti0,
2094 3034 2215 3097 qua
2263 3013 2414 3098 quid
2458 3017 2543 3078 sit
2583 3013 2789 3101 aliqua

579 3134 682 3177 res
722 3117 1093 3200 quaerimus,
1138 3112 1215 3182 τὸ
1262 3118 1328 3181 τί
1368 3122 1524 3195 ἐστι,
1569 3117 1786 3204 plures
1817 3117 2049 3183 habeat
2076 3115 2594 3204 significationes
2656 3119 2788 3182 Pri-

576 3238 746 3283 mum
793 3224 957 3284 enim
1005 3231 1071 3286 et
1109 3223 1286 3308 quasi
1322 3243 1503 3287 suum
1547 3221 1758 3287 locum
1797 3222 2005 3300 habet,
2048 3221 2157 3286 ubi
2205 3223 2409 3306 ipsum
2457 3244 2635 3286 esse
2674 3244 2789 3309 po-

578 3324 814 3388 tissima
859 3328 925 3388 vi
967 3329 1443 3412 pronunciatur,
1488 3329 1556 3390 in
1600 3325 2021 3415 significanda
2052 3324 2422 3405 substantia,
2465 3327 2637 3392 unde
2667 3327 2789 3391 fre·

578 3447 779 3512 quens
826 3438 925 3492 est
953 3430 1283 3495 Aristoteli
1328 3424 1404 3496 τὸ
1448 3433 1513 3495 τί
1557 3435 1698 3496 ἐστι
1740 3452 2048 3517 usurpare
2090 3430 2172 3495 ad
2211 3430 2636 3526 denotandam
2664 3434 2788 3518 pri-

578 3549 741 3593 mam
789 3534 1024 3597 entium
1070 3536 1474 3621 categoriam,
1518 3535 1600 3599 cf.
1646 3535 1727 3600 ad
1774 3537 1839 3600 E
1876 3538 1938 3601 2.
1986 3538 2197 3602 loma
2233 3539 2338 3602 36.
2419 3536 2548 3601 Sed
2597 3559 2784 3623 quum

507 3726 514 3733 ἱ
579 3634 770 3698 etiam
816 3636 883 3700 in
929 3635 1188 3723 reliquis
1233 3647 1486 3723 praeter
1542 3639 1952 3707 substantiam
2012 3641 2261 3707 entibus
2308 3643 2526 3728 quaeri
2567 3644 2785 3726 possit,

579 3736 731 3822 quid
775 3760 882 3803 res
924 3742 1009 3805 sit
1055 3751 1119 3805 et
1164 3761 1325 3827 quae
1370 3744 1454 3805 sit
1500 3746 1639 3808 eius
1683 3754 1937 3823 natura,
1992 3739 2070 3811 τὸ
2126 3747 2191 3810 τί
2247 3749 2380 3810 ἐστι
2441 3767 2634 3810 sensu
2676 3747 2782 3809 mi-

577 3862 696 3905 nus
754 3846 1023 3928 proprio
1084 3843 1317 3910 deinde
1375 3846 1458 3910 ad
1515 3848 1674 3911 baec
1732 3851 1917 3914 etiam
1976 3858 2193 3935 potest
2237 3848 2592 3926 transferri,
2649 3869 2780 3914 non

575 3944 955 4030 simpliciter,
1002 3948 1116 4012 sed
1155 3949 1402 4015 adiecta
1438 3953 1503 4015 in
1531 3954 1678 4037 ,ipsa
1709 3956 2082 4038 quaestione
2117 3975 2191 4017 ea
2222 3955 2563 4040 categoria,
2606 3956 2777 4017 cuius

575 4053 1305 4135 quaerimusnaturam,
1364 4055 1430 4119 τί
1481 4059 1619 4119 ἐστι
1661 4052 1886 4134 ποιόν,
1944 4059 2007 4121 τί
2050 4061 2189 4122 ἐστι
2231 4053 2444 4123 ποσόν
2481 4057 2636 4120 «23.
2697 4054 2773 4118 cf.

578 4154 745 4241 Top.
786 4156 814 4218 l
853 4157 913 4221 9.
955 4157 1250 4223 10311272
1301 4158 1505 4238 δῆλον
1550 4156 1609 4223 δ’
1649 4157 1717 4239 ἐξ
1760 4158 1976 4225 αὐτῶν
2021 4155 2126 4225 ὅτι
2169 4158 2206 4226 ὁ
2253 4154 2330 4226 τὸ
2375 4162 2441 4224 τί
2483 4164 2619 4223 ἐστι
2661 4179 2775 4237 ση-

572 4260 829 4344 μαίνων
884 4256 991 4325 ὁτὲ
1046 4261 1168 4344 μὲν
1210 4258 1445 4327 οὐσίαν
1489 4264 1795 4347 σημαίνει
1839 4262 1946 4330 ὁτὲ
1992 4265 2060 4330 δὲ
2104 4258 2327 4343 ποιόν,
2386 4261 2491 4329 ὁτὲ
2538 4264 2609 4328 δὲ
2653 4264 2773 4327 τῶν

573 4357 792 4429 ἄλλων
835 4356 983 4430 τινὰ
1027 4365 1454 4454 κατηγοριῶν.
1542 4360 1706 4434 ὅταν
1762 4369 1908 4450 μὲν
1924 4361 2054 4456 γὰρ
2099 4372 2461 4453 ἐκκειμένου
2506 4361 2772 4454 ἀνθρώ-
