3043 4973
527 216 626 289 92
1369 221 1448 292 A
1494 219 1565 293 6.
1640 218 1786 294 987
1804 219 1867 294 b.

527 391 661 460 τῶν
705 391 898 483 δεῦρο
942 394 1022 475 (ἰ.
1055 414 1112 460 e.
1151 395 1282 460 τῶν
1322 395 1710 479 αἰσθητῶν)
1753 390 1934 482 ἄλλῳ
1968 397 2092 482 μέν
2123 416 2253 462 τινι
2284 396 2617 486 διαφέρει,4
2643 394 2734 478 τῷ

528 496 598 562 δὲ
650 492 841 564 πόλλ’
892 492 1063 584 ἄτιζα
1122 494 1273 582 ὁμο
1290 499 1464 579 ειδῆ
1524 494 1692 564 εἶναι
1742 497 1952 566 οὐθὲν
1995 492 2310 590 διαφέρει.
2398 498 2493 563 Ita
2540 520 2732 583 quum

527 623 641 666 sua
685 612 908 666 natura
954 603 1020 666 in
1063 599 1276 666 medio
1322 605 1532 687 posita
1577 605 1706 668 sint
1748 605 2186 669 mathematica
2244 607 2414 671 inter
2468 602 2736 667 sensibi-

528 703 609 770 lia
657 716 723 771 et
765 704 942 771 ideas
987 700 1271 787 (μεταξύ
1308 707 1506 787 ⁶16),
1564 727 1756 793 saepe
1803 729 1878 773 ea
1921 707 2258 772 Platonico
2304 728 2494 771 sensu
2539 709 2737 794 signi-

524 808 677 872 ficat
718 810 845 873 hoc
887 811 1028 893 ipso
1073 806 1395 894 vocabulo
1438 803 1524 874 τὰ
1549 805 1828 892 μεταξύ,
1874 811 1952 876 cf.
1998 814 2057 877 9.
2091 813 2253 876 99Ιό
2287 812 2393 876 29.
2440 812 2602 875 992⁶
2632 812 2733 876 16.

526 910 595 975 Β
639 912 701 976 2.
758 913 920 977 9971)
943 914 1002 989 2,
1038 913 1137 976 13.
1195 912 1363 977 998a
1391 914 1449 977 7.
1509 913 1571 976 6.
1614 914 1819 979 loom
1846 915 1946 995 13,
1984 916 2091 980 21.
2152 914 2222 979 K
2266 916 2325 978 1.
2370 911 2485 981 1.1.
2543 916 2634 978 M
2669 916 2733 978 2.

529 1016 737 1080 1077a
779 1016 883 1079 11.
932 1051 1012 1065 -
1073 1016 1159 1079 Et
1212 1015 1342 1080 hoc
1396 1014 1651 1101 quidem
1707 1020 2031 1083 verissime
2073 1017 2293 1083 retulit
2337 1017 2736 1095 Aristoteles,

524 1118 797 1184 medinm
843 1117 1159 1206 quendam
1204 1118 1416 1183 locum
1458 1122 1626 1184 inter
1668 1122 1995 1196 sensibilia
2042 1132 2108 1187 et
2151 1121 2329 1186 ideas
2375 1124 2735 1209 assignasse

524 1220 856 1287 Platonem
901 1222 1094 1288 rebus
1138 1223 1620 1302 mathematicis,
1677 1223 1985 1311 siquidem
2040 1248 2115 1292 ex
2158 1228 2475 1291 sententia
2519 1224 2737 1290 Plato-

524 1327 625 1389 nis
670 1334 735 1390 et
772 1328 848 1404 ei,
895 1329 1000 1411 qui
1031 1328 1406 1413 cogniturus
1439 1336 1536 1392 est
1563 1326 1757 1407 ideae,
1810 1351 1845 1392 a
1875 1333 2295 1416 perceptione
2324 1350 2621 1394 sensuum
2651 1326 2732 1393 ad

523 1426 805 1494 idearum
838 1428 1452 1515 contemplationem
1483 1429 1690 1495 aditus
1724 1452 1842 1518 per
1868 1433 2009 1497 illas
2040 1431 2359 1520 parandus
2392 1441 2504 1511 est,
2552 1441 2616 1497 et
2644 1433 2734 1496 vi-

523 1534 731 1598 cissim
764 1532 951 1599 ideae
985 1554 1105 1621 per
1133 1534 1601 1599 mathematicas
1635 1535 1874 1601 formas
1906 1557 2112 1602 rerum
2156 1535 2545 1602 sensibilium
2590 1557 2735 1621 spe-

523 1639 653 1701 cies
711 1640 1123 1702 constituunt.
1212 1636 1425 1722 Quum
1481 1648 1689 1703 autem
1732 1639 1921 1705 Plato
1979 1662 2190 1705 veram
2251 1650 2317 1705 et
2372 1638 2744 1704 absolutam.

525 1743 857 1805 essentiam
912 1744 1099 1806 unice
1153 1740 1316 1805 ideis
1373 1741 1713 1821 tribueret,
1778 1742 2020 1830 reliqua
2092 1747 2236 1809 sive
2296 1743 2732 1808 mathematica

521 1846 660 1909 sive
705 1844 1031 1909 sensibilia
1080 1855 1340 1909 eatenus
1389 1865 1529 1910 esse
1575 1855 1880 1926 censeret,
1926 1856 2239 1933 quatenus
2281 1870 2355 1912 ex
2394 1846 2555 1912 ideis
2591 1868 2733 1932 par-

523 1957 648 2013 tem
706 1947 1021 2033 quandam
1080 1950 1395 2012 essentiae
1441 1952 1864 2036 recepissent,
1919 1950 2300 2016 Aristoteles
2346 1948 2731 2036 aliquantum

433 2105 441 2110 .
520 2054 870 2115 immutavit
910 2049 1196 2116 Platonis
1252 2055 1656 2130 sententiam,
1715 2052 1888 2140 quod
1946 2056 2066 2120 tria
2121 2054 2282 2119 haec
2336 2075 2575 2142 genera
2622 2074 2731 2118 en—

523 2157 708 2232 tium,
752 2157 930 2239 quasi
975 2176 1138 2239 quae
1183 2154 1410 2220 eodem
1459 2166 1673 2221 essent
1714 2159 1882 2234 iure,
1928 2160 2099 2222 iuxta
2141 2179 2212 2222 se
2256 2160 2492 2244 posuit.
2584 2155 2729 2241 Qua

523 2257 775 2344 quidem
821 2260 1071 2322 ratione
1118 2256 1400 2323 distinxit
1449 2281 1604 2325 sane
1650 2270 1717 2325 et
1760 2259 2052 2325 definivit
2096 2260 2507 2339 AristoteleS,
2568 2282 2731 2347 quae

524 2372 622 2427 est
666 2365 803 2426 eius
848 2363 1063 2439 virtus,
1111 2384 1182 2426 ea
1227 2384 1387 2447 quae
1418 2363 1603 2429 Plato
1650 2384 1783 2428 non
1828 2375 2130 2450 potuerat
2173 2364 2254 2429 ad
2299 2375 2473 2429 artos
2518 2366 2732 2429 notio-

521 2468 624 2532 nis
679 2465 844 2531 fines
902 2464 1290 2545 describere,
1345 2466 1462 2532 sed
1517 2469 1606 2533 ita
1654 2466 1972 2548 definivit,
2028 2480 2101 2534 ut
2145 2477 2211 2534 et
2254 2467 2730 2534 fundamentum

523 2570 852 2636 doctrinae
896 2568 1268 2640 Platonicae
1315 2581 1633 2637 everteret
1684 2581 1750 2636 et
1792 2571 2094 2658 plurimas
2137 2570 2290 2636 inde
2334 2575 2731 2660 potissimum

520 2678 831 2740 rationes·
860 2673 1291 2762 redarguendi
1345 2673 1633 2740 Platonis
1689 2685 1910 2762 posset
1959 2685 2270 2763 repetere.
2370 2675 2472 2742 Cf.
2518 2675 2733 2742 Zeller

522 2778 681 2843 Plat.
728 2779 819 2843 St.
866 2801 928 2864 p.
959 2779 1352 2843 248—266.
1421 2779 1536 2844 Ph.
1583 2778 1645 2844 d.
1693 2778 1808 2845 Gr.
1853 2779 1932 2844 11.
1979 2802 2041 2866 p.
2078 2780 2207 2844 178
2251 2801 2343 2865 sq.
2388 2781 2539 2846 25⁰.

654 2882 928 2946 9871118
972 2883 1148 2947 ἐπεὶ
1192 2879 1252 2946 δ’
1292 2878 1519 2947 αἴτια
1564 2918 1652 2933 --
1694 2884 1783 2948 22
1825 2878 2018 2959 τοὺς
2062 2879 2510 2969 ἀριθμούς.
2582 2885 2732 2971 Qua

523 2987 1011 3048 ratiocinatione
1054 2985 1499 3072 Pythagoreos
1559 2984 1714 3050 dixit
1767 3007 1921 3050 usos
1964 3007 2105 3051 esse
2150 2985 2230 3051 ad
2276 3008 2452 3052 suam
2496 2986 2733 3054 doctri-

522 3109 667 3153 nam
715 3086 1270 3174 comprobandam,
1315 3090 1376 3153 5.
1422 3090 1591 3155 9861:
1632 3091 1690 3167 1,
1744 3088 1965 3154 eadem
2008 3089 2344 3155 Platonem
2389 3089 2729 3157 adductum

526 3214 665 3257 esse
710 3204 944 3273 censet,
989 3202 1061 3259 ut
1101 3192 1388 3258 idearum
1432 3192 1742 3257 elementa
1781 3192 2000 3259 eadem
2041 3197 2319 3260 omnium
2360 3217 2566 3260 rerum
2604 3195 2734 3260 ele-

523 3308 734 3362 menta
781 3319 922 3362 esse
966 3307 1285 3364 statueret.
1369 3299 1453 3362 Et
1495 3295 1819 3361 materiale
1866 3296 2115 3383 quidem
2161 3281 2541 3364 elementum
2587 3320 2733 3365 esse

523 3404 742 3465 statuit
785 3394 862 3465 τὸ
906 3403 1075 3484 μέγα
1117 3402 1229 3467 καὶ
1272 3394 1349 3466 τὸ
1393 3395 1628 3487 μικρόν
1673 3400 1731 3463 h.
1774 3422 1828 3465 e.
1874 3399 1941 3465 id
1987 3401 2162 3486 quod
2208 3412 2273 3466 et
2317 3404 2617 3493 augendo
2664 3416 2734 3470 et

525 3502 938 3567 diminuendo
983 3507 1219 3589 pariter
1265 3514 1362 3569 est
1404 3502 1706 3568 idoneum
1755 3513 1819 3568 et
1862 3508 2190 3591 utriusque
2225 3509 2293 3571 in
2332 3528 2404 3573 se
2442 3509 2734 3575 continet

526 3602 805 3690 δύναμιν
859 3605 978 3687 (cf.
1035 3607 1228 3691 Phys.
1274 3607 1366 3671 111
1421 3609 1483 3672 6.
1543 3610 1706 3673 206ῠ
1740 3609 1854 3673 27:
1912 3610 2049 3673 ἐπεὶ
2105 3611 2217 3675 καὶ
2263 3607 2558 3679 Πλάτων
2616 3608 2735 3678 διὰ

525 3711 719 3775 τοῦτο
764 3704 883 3775 δύο
926 3702 1012 3774 τὰ
1054 3703 1295 3795 ἄπειρα
1340 3712 1673 3790 ἐποίησεν,
1732 3706 1836 3776 ὅτι
1891 3714 2003 3777 καὶ
2046 3714 2154 3779 ἐπὶ
2196 3708 2320 3793 τὴν
2365 3709 2571 3795 αὔξην
2611 3717 2734 3781 δο-

524 3823 622 3878 κεῖ
675 3809 1104 3899 ὑπερβάλλειν
1159 3815 1272 3878 καὶ
1328 3817 1418 3889 εἰς
1472 3807 1749 3902 ἄπειρον
1796 3819 1964 3882 ἱέναι
2004 3817 2117 3881 καὶ
2160 3819 2268 3883 ἐπὶ
2312 3813 2433 3898 τὴν
2475 3820 2735 3884 καθαί-

525 3937 721 4001 ρεσιν.
788 3917 983 4003 Phys.
1027 3918 1057 3982 1
1102 3918 1164 3982 4.
1215 3918 1378 3982 187a
1420 3919 1575 3999 16),
1621 3918 1886 3984 formale
1930 3928 2139 3984 autem
2186 3923 2566 4007 principium
2612 3943 2736 4009 po-

525 4023 650 4085 suit
693 4023 952 4086 unitatis
998 4024 1148 4100 vim,
1193 4018 1282 4098 ὠς
1325 4017 1384 4086 δ’
1423 4017 1661 4087 οὐσίαν
1702 4016 1781 4086 τὸ
1826 4028 1914 4089 ἓν.
1999 4024 2251 4088 Etenim
2298 4021 2493 4091 οὐσία
2536 4047 2733 4112 quum

525 4126 607 4187 sit
653 4127 953 4211 opposita
1000 4125 1077 4213 τῇ
1116 4119 1252 4216 ὕλῃ,
1296 4123 1671 4190 indefinitae
1715 4128 2000 4191 nimirum
2042 4112 2266 4215 suapte
2300 4139 2540 4207 natura,
2586 4151 2732 4194 eam

527 4225 964 4292 definitionem
1011 4249 1086 4291 ac
1130 4228 1392 4292 formam
1437 4228 1718 4314 putanda
1761 4240 1862 4295 'est
1906 4231 2298 4319 significare,
2356 4255 2477 4318 qua
2536 4254 2733 4320 quae-

524 4351 651 4416 que
692 4352 794 4396 res
839 4330 906 4394 id
953 4340 1063 4431 cst,
1112 4330 1283 4417 quod
1332 4341 1450 4409 est;
1497 4354 1683 4419 quam
1731 4332 1995 4399 eandem
2044 4332 2273 4412 οὐσίας
2316 4334 2733 4423 significatio-
