3043 4973
1194 234 1256 305 Θ
1303 234 1370 308 5.
1455 233 1724 310 1048a.
2409 238 2547 313 391

348 401 519 472 εἶναι
575 411 981 474 coniunctum
1041 430 1195 474 cum.
1238 410 1505 477 articulo
1566 409 1645 479 τό
1700 413 2055 482 subiectum
2111 414 2309 480 efficit
2359 437 2554 481 enun-

344 512 519 575 ciati:
565 505 644 576 τὸ
691 508 859 578 εἶναι
902 509 1201 592 δυνατόν,
1248 514 1515 581 alterum
1562 511 1730 582 εἶναι
1771 540 1808 581 a
1852 515 2138 586 δυνατόν
2179 540 2551 607 suspensum

344 625 444 680 est
487 618 727 702 pariter
768 638 843 681 ac
879 617 1011 683 ⁶29
1056 612 1342 684 δυνατὸν
1385 616 1570 700 εἶναι,
1617 621 1695 686 cf.
1742 620 1824 687 ad
1863 624 1968 689 ⁶5.

1255 871 1485 949 CAP.
1550 874 1641 948 V.

476 1012 767 1079 Diversa
802 1017 1140 1101 potentiae
1176 1039 1430 1102 genera
1475 1016 1793 1105 quomodo
1838 1028 1903 1084 et
1933 1021 2157 1107 fiant,
2218 1020 2421 1086 1⁰47b
2461 1021 2550 1086 31

343 1117 553 1197 -35‚
596 1128 661 1184 et
702 1120 832 1184 vim
875 1143 1063 1185 suam
1104 1130 1448 1188 exerceant
1490 1158 1578 1170 —
1628 1122 1840 1188 1048a
1879 1124 1987 1188 24.

474 1237 792 1303 Refutatis
838 1238 1178 1326 Megaricis
1225 1240 1661 1326 coniectisque
1705 1243 1785 1305 iis
1830 1241 2337 1326 quaestionibus,
2385 1261 2551 1327 quae

344 1362 483 1405 cum
529 1340 650 1404 hac
693 1343 1080 1408 refutatione
1125 1353 1262 1409 arte
1308 1348 1687 1410 coniunctae
1732 1356 1895 1424 sunt,
1939 1344 2022 1411 ad
2066 1367 2206 1411 eam
2241 1345 2408 1411 redit
2436 1367 2552 1431 po-

344 1447 679 1510 tentiarum
727 1445 1226 1526 distinctionem,
1273 1471 1433 1535 quae
1480 1471 1619 1535 cap.
1649 1451 1694 1513 2
1736 1452 2068 1535 proposita
2115 1460 2238 1526 est,
2285 1458 2356 1513 ut
2400 1448 2552 1514 alte-

341 1570 479 1613 rum
523 1553 608 1614 sit
642 1572 846 1638 genus
880 1555 1308 1636 potentiarum
1341 1552 1744 1618 rationalium
1778 1553 2041 1618 alterum
2071 1553 2550 1619 irrationalium.

343 1653 622 1719 Videtur
665 1654 919 1740 quidem
966 1656 1091 1720 hoc
1131 1655 1282 1721 loco
1341 1654 1523 1743 plura
1583 1656 1976 1745 distinguere
2032 1678 2301 1747 genera,
2361 1678 2551 1742 quum

342 1756 499 1822 alias
529 1758 859 1823 facultates
889 1758 1045 1824 dicit
1073 1782 1191 1845 per
1220 1761 1757 1825 naturaminsitas
1792 1783 1932 1825 esse
1962 1761 2332 1845 (συγγενῶν
2359 1763 2551 1844 1³31),

342 1861 499 1927 alias
546 1867 1025 1941 exercitatione,
1085 1864 1241 1928 alias
1300 1863 1633 1951 disciplina
1691 1868 2070 1951 comparari3
2124 1863 2240 1929 sed
2285 1887 2356 1928 re
2399 1885 2552 1930 vera

344 1988 501 2052 quas
546 1978 872 2052 postremo
918 1967 1068 2034 loco
1099 1971 1333 2054 posuit,
1378 1991 1495 2034 eae
1534 1968 1937 2034 rationalium
1976 1971 2405 2055 potentiarum
2442 1990 2551 2057 ge·

343 2092 499 2135 nere
544 2072 1198 2156 comprehenduntur;
1246 2096 1400 2159 quas
1446 2076 1654 2161 primo
1701 2073 1850 2139 loco
1896 2074 2128 2158 posuit,
2175 2072 2552 2139 referendae

342 2184 491 2239 sunt
534 2173 616 2239 ad
660 2179 982 2261 potentias
1029 2177 1444 2243 irrationales.
1535 2178 1650 2241 His
1708 2179 1903 2266 igitur
1952 2174 2202 2242 duobus
2247 2180 2315 2241 in
2357 2197 2552 2265 gene-

343 2279 521 2345 ribus
578 2277 908 2367 distinguit
963 2291 1030 2346 et
1084 2280 1415 2365 quomodo
1471 2281 1634 2346 fiant
1690 2293 1756 2345 et
1812 2278 2137 2367 quomodo
2196 2282 2322 2346 vim
2374 2301 2549 2345 suam

344 2393 697 2448 exerceant.
789 2386 884 2449 Ac
924 2384 1267 2450 rationales
1313 2384 1566 2471 quidem
1611 2384 1968 2462 facultates,
2027 2387 2323 2469 quoniam
2373 2406 2409 2447 e
2453 2405 2552 2448 ra-

343 2491 521 2554 tione
567 2488 880 2574 pendent,
934 2494 1100 2555 ratio
1153 2502 1360 2555 autem
1404 2493 1472 2554 in
1517 2493 1773 2555 actione
1818 2493 2006 2555 animi
2053 2492 2358 2567 cernitur,
2415 2509 2549 2553 non

344 2603 618 2679 possunt
663 2615 820 2671 esse,
864 2596 986 2657 nisi
1032 2597 1453 2680 praecesserit
1496 2592 1604 2657 illa
1652 2596 1835 2671 actio,
1880 2589 2136 2676 ἀνάγκη
2180 2593 2344 2676 ἔχειν
2388 2584 2550 2666 (τὰς

346 2690 514 2781 μετὰ
552 2691 752 2779 λόγου
789 2693 1136 2779 δυνάμεις)
1174 2691 1786 2782 προενεργήσαντας
1818 2698 1966 2774 ὂ33,
2005 2718 2169 2782 quae
2207 2716 2309 2758 res
2347 2715 2549 2757 exem-

346 2801 470 2889 plis
501 2799 850 2866 illustratur
893 2801 954 2865 8.
996 2801 1200 2865 1049b
1235 2802 1352 2876 293
1398 2798 1658 2884 reliquis
1688 2821 1844 2864 vero
1884 2803 1949 2864 in
1981 2801 2306 2888 potentiiS,
2347 2796 2547 2863 veluti

345 2908 413 2970 in
457 2904 746 2968 sensibus
791 2904 894 2968 vel
953 2908 1017 2969 in
1076 2904 1444 2969 calefactiva
1487 2907 1654 2991 ignis
1699 2907 2006 2990 potentia,
2061 2923 2193 2968 non
2240 2910 2337 2966 est
2379 2923 2547 2988 opus

347 3020 552 3073 actum
601 3019 785 3072 antea
834 3010 1130 3072 exsistere
1174 3014 1358 3094 quam
1403 3011 1772 3096 potentiam.
1824 3046 1905 3061 —
1951 3009 2291 3073 Diversum
2337 3017 2548 3070 autem

346 3115 413 3177 in
468 3111 727 3178 modum
784 3122 853 3177 ut
903 3115 1029 3175 vim
1087 3135 1260 3177 suam
1320 3123 1658 3178 exerceant
1710 3113 1870 3177 haec
1931 3111 2061 3177 duo
2121 3113 2547 3198 potentiarum

347 3237 584 3306 genera
645 3238 724 3281 eo
785 3215 1085 3294 efficitur,
1144 3216 1320 3301 quod
1377 3215 1776 3281 irrationales
1830 3218 2157 3303 potentiae
2210 3213 2407 3278 modo
2463 3210 2546 3276 ad

348 3342 541 3385 unum
583 3342 618 3384 e
655 3322 988 3384 contrariis
1017 3322 1354 3405 pertinent,
1386 3319 1733 3385 rationales
1768 3341 1925 3385 vero
1961 3317 2041 3383 ad
2071 3328 2422 3403 utrumque,
2466 3315 2547 3380 cf.

348 3447 484 3511 cap.
508 3426 581 3500 2;
623 3422 772 3488 illae
815 3426 1011 3510 igitur
1047 3434 1411 3508 operantur,
1455 3424 1568 3488 ubi
1598 3426 1799 3488 activa
1833 3432 1897 3487 et
1922 3425 2173 3509 passiva
2201 3423 2547 3508 potentiae,

351 3539 659 3615 quatenus
689 3538 839 3592 sunt
866 3530 1213 3613 potentiae,
1245 3531 1761 3614 appropinquant
1785 3526 1986 3593 altera
2012 3525 2213 3604 alteri,
2242 3528 2362 3591 hae
2386 3545 2546 3590 vero

350 3656 484 3699 non
527 3637 693 3709 item,
740 3634 1035 3717 quoniam
1081 3635 1173 3695 sic
1218 3652 1615 3717 consequens
1663 3641 1846 3709 esset,
1891 3642 1962 3695 ut
2005 3632 2346 3708 contraria,
2393 3648 2549 3713 quo-

351 3761 486 3803 rum
532 3760 748 3824 parem
795 3736 1036 3800 habent
1078 3734 1468 3814 facultatem,
1527 3733 1711 3800 simul
1769 3737 1953 3800 etiam
2010 3733 2294 3799 efficiant
2344 3726 2547 3812 (ὥστε

354 3839 498 3927 ἅμα
547 3837 807 3921 ποιήσει
860 3837 1180 3905 τάναντία
1215 3842 1325 3916 α9,
1378 3839 1491 3903 fut.
1540 3838 2002 3917 conditionale,
2048 3839 2125 3903 cf.
2158 3838 2321 3904 obs.
2363 3859 2428 3923 p.
2460 3838 2547 3901 62

354 3969 486 4032 sqq.
505 3952 546 4026 ),
593 3945 769 4031 quod
805 3944 946 4010 fieri
983 3965 1117 4009 non
1154 3952 1387 4029 potest.
1461 3941 1741 4007 Aliunde
1777 3946 1969 4030 igitur
2004 3941 2112 4007 vel
2149 3962 2223 4006 ex
2261 3943 2550 4027 appetitu

353 4050 460 4117 vel
508 4070 582 4114 ex
628 4048 1091 4114 deliberatione
1150 4057 1216 4112 et
1262 4048 1593 4114 voluntate
1637 4045 2104 4111 decernendum
2149 4055 2247 4111 est
2290 4039 2552 4131 (ἔτερόν

354 4177 420 4219 τι
463 4147 539 4218 τὸ
585 4149 808 4239 κύριον
846 4172 880 4208 α
903 4156 982 4218 10
997 4159 1040 4234 ),
1085 4163 1291 4217 utrum
1338 4173 1375 4217 e
1421 4154 1752 4218 contrariis
1796 4142 2083 4236 perficiat
2116 4152 2403 4237 potentia
2442 4146 2553 4211 ali-

356 4279 479 4344 qua
524 4256 871 4341 rationalis.
946 4255 1146 4343 Quod
1192 4256 1298 4320 ubi
1345 4255 1667 4322 decretum
1714 4258 1848 4334 erit,
1892 4265 2021 4319 tum
2067 4275 2222 4319 vero
2267 4253 2552 4339 potentia

355 4346 686 4428 rationalis
722 4364 1085 4428 necessario
1121 4360 1206 4442 id,
1252 4364 1427 4433 cuius
1464 4372 1562 4427 est
1593 4363 1902 4448 potentia,
1932 4370 1997 4426 et
2029 4354 2556 4447 quemadmodum
