3043 4973
474 430 607 493 rem
664 436 906 514 partem
949 425 1392 490 'recensionem
1441 449 1581 491 esse
1627 426 1887 492 alteram
1931 425 2236 491 librorum
2280 426 2497 504 ΒΓΕ,
2555 427 2685 491 for-

475 544 639 596 tasse
700 529 1152 618 discipulorum
1212 534 1278 595 in
1337 552 1515 595 usum
1563 533 1890 616 scriptam,
1946 553 2136 616 quum
2189 530 2402 595 denuo
2450 530 2685 595 docere

479 635 857 701 Aristoteles
894 638 1156 721 primam
1186 633 1651 721 philosophiam
1684 638 2062 700 institueret.
2133 634 2408 698 Alteram
2438 633 2587 698 libri
2615 634 2688 698 Κ

475 751 719 826 partem
765 739 1071 827 physicae
1118 739 1446 803 doctrinae
1493 760 1632 802 esse
1677 739 2113 827 fragmentum,
2160 738 2331 825 quod
2378 741 2500 824 ipsi
2548 737 2688 802 Ari·

476 843 694 908 stoteli
739 847 1065 931 assignare
1109 845 1464 907 Ravaisson
1511 864 1646 906 non
1691 842 1945 907 videtur
1991 843 2299 908 dubitare.
2388 843 2687 927 Denique

478 958 792 1012 extremos
838 958 967 1011 tres
1011 947 1209 1019 libros
1254 951 1340 1011 ita
1386 969 1530 1011 esse
1575 948 2108 1032 transponend08‚
2160 957 2232 1012 ut
2271 949 2490 1034 priore
2533 945 2685 1010 loco

475 1061 795 1136 ponantur
838 1050 986 1114 libri
1035 1053 1202 1130 MN,
1252 1051 1480 1137 quihus
1529 1049 1800 1116 aliorum
1842 1051 2072 1138 placita
2120 1062 2371 1115 enarret
2420 1059 2482 1114 et
2526 1050 2687 1113 iudi—

480 1164 595 1231 cet,
641 1157 1006 1238 posteriore
1037 1154 1186 1218 loco
1220 1154 1385 1219 liber
1409 1158 1500 1228 A,
1548 1177 1675 1239 quo
1723 1177 1897 1219 suam
1943 1158 2138 1241 ipsius
2182 1148 2560 1219 sententiam
2587 1174 2689 1217 ex-

477 1269 707 1345 ponat3
765 1258 1090 1345 vulgatum
1149 1257 1439 1323 ordinem
1495 1280 1629 1322 non
1678 1281 1750 1323 ex
1795 1270 2018 1323 natura
2066 1263 2187 1337 rei,
2245 1258 2360 1323 sed
2407 1280 2481 1321 ex
2525 1260 2690 1342 ipso,

480 1384 609 1448 quo
656 1363 870 1447 scripti
917 1364 1043 1425 sint
1087 1360 1259 1439 libri,
1320 1371 1608 1449 tempore
1657 1373 1862 1427 ortum
1913 1386 2052 1428 esse
2096 1362 2328 1437 videri;
2388 1364 2690 1447 scriptum

484 1469 648 1530 enim
698 1487 837 1529 esse
882 1464 1110 1528 librum
1156 1469 1229 1529 A
1277 1478 1424 1530 ante
1470 1467 1672 1531 libros
1705 1469 1867 1533 MN
1901 1467 2052 1531 inde
2096 1464 2516 1553 probabiliter
2559 1463 2692 1529 col-
2793 1538 2802 1544 ,

479 1571 624 1658 ligi,
683 1569 856 1656 quod
914 1573 980 1633 in
1037 1567 1204 1633 libro
1250 1572 1326 1635 A
1374 1574 1636 1656 omuino
1697 1593 2004 1657 nusquam
2067 1570 2560 1656 disputationem
2618 1567 2693 1631 li-

480 1675 612 1739 bris
661 1676 821 1740 MN
855 1673 1211 1738 absolutam
1257 1678 1569 1759 respiciat.
1654 1675 1871 1761 Itaque
1906 1678 2085 1761 ipsos
2123 1674 2324 1738 libros
2362 1670 2693 1757 metaphy-

480 1782 649 1842 sicos
692 1781 778 1843 ita
824 1782 992 1842 inter
1035 1798 1105 1841 se
1151 1799 1289 1842 esse
1327 1778 1816 1857 continuand08‚
1860 1786 1947 1857 ut,
1991 1773 2362 1865 praeposito
2405 1773 2697 1839 introdu-

484 1884 714 1947 ctionis
771 1881 922 1945 loco
980 1879 1145 1945 libro
1191 1883 1246 1945 A
1290 1883 1435 1966 περὶ
1479 1885 1612 1946 τῶν
1658 1885 1967 1967 ποσαχῶς
2018 1882 2416 1965 λεγομένων,
2473 1878 2693 1943 subse-

480 1996 760 2071 quantur
802 1983 1361 2049 ΑΒΓΕΖΗΘΙΙ
1379 1987 1520 2049 -4
1539 1987 1780 2051 ΜΝΛ.

616 2090 886 2154 Omissis
933 2088 1074 2152 aliis
1118 2087 1326 2167 rebus„
1373 2087 1454 2152 de
1500 2090 1730 2174 quibus
1772 2093 1913 2155 viro
1961 2090 2329 2154 doctissimo
2375 2108 2510 2151 non
2546 2090 2696 2172 p'os-

482 2216 618 2257 sum
657 2196 981 2269 assentire,
1025 2191 1090 2255 id
1137 2213 1331 2256 unum
1374 2193 1802 2277 quaerendum
1837 2193 2107 2271 videtur,
2153 2190 2325 2278 quod
2361 2212 2694 2255 commune

483 2296 678 2360 habet
721 2318 860 2359 cum
907 2295 1151 2381 aliquot
1197 2318 1270 2359 ex
1315 2296 1770 2381 interpretibus
1811 2308 1997 2361 antea
2035 2298 2390 2373 nominatiS,
2433 2306 2693 2359 rectene

484 2403 775 2464 statuerit
809 2399 1035 2464 librum
1067 2404 1140 2463 A
1186 2399 1559 2485 ponendum
1602 2422 1739 2465 esse
1779 2412 1928 2488 post
1967 2399 2165 2464 libros
2200 2402 2367 2465 MN.
2440 2398 2696 2483 Quodsi

485 2526 561 2569 ea
619 2504 1045 2569 intercederet
1102 2508 1271 2569 inter
1320 2504 1547 2569 librum
1593 2507 1667 2570 A
1715 2516 1784 2569 et
1827 2505 2029 2570 libros
2077 2507 2238 2571 MN
2272 2501 2699 2579 necessitudO,

483 2620 554 2673 ut
613 2608 842 2695 quibus
902 2609 984 2674 de
1028 2609 1219 2675 rebus
1262 2609 1443 2673 libris
1493 2612 1655 2676 MN
1690 2610 1956 2673 aliorum
2002 2611 2404 2695 persequitur
2443 2607 2697 2693 placita,

485 2712 568 2777 de
614 2712 836 2776 iisdem
881 2712 1052 2788 libro
1083 2717 1159 2778 A
1195 2736 1367 2779 suam
1407 2713 1682 2799 explicet
1717 2717 2112 2791 sententiam,
2160 2711 2513 2798 probabilis
2546 2732 2702 2797 pro-

483 2817 657 2881 fecto
707 2829 874 2882 esset
917 2821 971 2882 is
1013 2816 1319 2883 librorum
1356 2817 1538 2896 ord0,
1584 2840 1769 2902 quem
1802 2818 2160 2882 Ravaisson
2191 2817 2435 2880 restitui
2472 2813 2695 2878 voluit.

485 2921 728 2985 Verum
776 2941 911 2984 non
958 2930 1055 2985 est
1096 2924 1201 2985 ita.
1294 2922 1584 3007 Namque
1643 2919 1817 2986 libris
1867 2924 2026 2985 MN
2045 2921 2142 2985 :de
2188 2919 2350 2984 ideis
2394 2921 2702 2983 numeris—

488 3047 615 3110 que
663 3035 728 3088 et
773 3023 854 3088 de
901 3046 1120 3088 eorum
1167 3027 1495 3111 principiis
1544 3024 1695 3110 quid
1742 3024 2079 3090 docuerint
2119 3023 2433 3089 Platonici
2478 3032 2543 3087 et
2571 3024 2702 3108 Py-

486 3130 778 3216 thagorei
826 3127 1128 3214 explicat3
1175 3129 1404 3213 quibus
1448 3128 1701 3214 placitis
1746 3132 1802 3193 si
1849 3152 1955 3193 eas
2000 3128 2263 3193 volebat
2302 3150 2453 3191 suae
2492 3125 2702 3213 philo-

489 3234 755 3319 sophiae
802 3244 1013 3319 partes
1062 3254 1422 3318 opponere,
1480 3232 1707 3317 quibus
1752 3231 1862 3297 illa
1906 3233 2360 3310 refutarentur,
2417 3232 2700 3294 numeris

486 3335 799 3401 idealibus
842 3358 1056 3400 veram
1106 3336 1206 3400 vel
1252 3358 1426 3401 suam
1475 3335 1557 3400 de
1603 3337 1796 3401 rebus
1833 3338 2284 3401 mathematicis
2320 3338 2697 3399 senteutiam

490 3438 766 3503 debehat
812 3460 1173 3525 opponere,
1233 3462 1393 3525 quae
1452 3441 1705 3524 quidem
1752 3443 1815 3505 in
1867 3444 2011 3527 ipso
2058 3442 2374 3527 principio
2419 3438 2567 3503 libri
2617 3441 2718 3503 M

491 3546 857 3628 exponitur,
905 3542 1065 3606 ideis
1112 3553 1323 3606 autem
1367 3565 1542 3606 suam
1591 3543 1671 3606 de
1717 3543 2446 3622 notione'substantiali‚
2497 3544 2589 3626 τῷ
2631 3546 2704 3607 τί

490 3637 575 3741 ᾖν
620 3642 814 3723 εἶναι,
876 3645 1256 3724 doctrinam,
1317 3646 1565 3731 qualem
1626 3646 1788 3712 libro
1841 3649 1901 3710 Z
1942 3648 2356 3733 disceptatam
2406 3646 2697 3734 legimus·

491 3752 733 3814 Horum
780 3760 988 3815 autem
1035 3750 1188 3813 nihil
1234 3752 1503 3814 inveniri
1557 3753 1626 3812 in
1671 3750 1838 3815 libro
1884 3757 1957 3816 A
2007 3773 2081 3815 ex
2128 3761 2504 3838 argumento
2548 3750 2704 3815 libri

492 3876 683 3939 supra
732 3864 1026 3918 enarr-ato
1074 3865 1353 3939 apparet.
1447 3853 1864 3939 Quapropter
1910 3858 2206 3939 quoniam
2253 3856 2422 3918 inter
2463 3855 2580 3918 hos
2627 3854 2705 3917 li-

491 3955 646 4022 bros
690 3961 1053 4044 neutiquam
1102 3979 1174 4020 ea
1221 3956 1562 4021 intercedit
1607 3956 2041 4035 necessitud0‚
2099 3980 2283 4042 quam
2331 3969 2396 4022 et
2439 3960 2709 4023 Ravais-

492 4084 613 4126 son
661 4071 726 4126 et
772 4060 878 4125 alii
922 4064 1209 4125 invenire
1255 4061 1373 4124 sibi
1420 4063 1540 4124 visi
1585 4070 1747 4139 sunt,
1795 4047 1951 4125 nihil
1991 4061 2358 4146 proficimus
2400 4061 2481 4126 ad
2522 4064 2710 4125 resti—

494 4164 795 4230 tuendum
843 4167 1210 4229 continuum
1261 4164 1709 4250 disputationis
1755 4176 2074 4244 tenorem,
2120 4169 2254 4230 sive
2299 4165 2499 4230 libros
2548 4168 2720 4230 MN

494 4280 642 4334 ante
684 4269 914 4333 librum
959 4271 1034 4333 A
1080 4271 1216 4334 sive
1261 4278 1413 4354 post
1459 4291 1600 4332 eum
1646 4271 1956 4354 ponimus·
2091 4347 2094 4352 Ι

625 4372 925 4459 Denique
969 4373 1159 4460 Aug.
1206 4372 1492 4438 Bernh.
1542 4372 1885 4438 Krische
1941 4373 2055 4438 ubi
2098 4376 2165 4438 in
2207 4372 2709 4460 interpretandis
