3043 4973
1170 256 1251 327 A
1301 252 1368 327 8.
1450 251 1639 327 1073
1659 252 1722 325 b.
2407 249 2550 326 505

353 433 633 495 cernitur
674 428 951 508 lieentia,
1001 428 1399 496 desideratur
1442 426 1866 494 ratiocinandi
1910 428 2216 492 severitas
2257 420 2552 508 (σπουδὴ

356 529 773 613 ἀποδεικτική
814 551 849 586 a
862 534 1009 613 22).

486 637 567 716 b)
617 637 824 702 1073a
849 637 937 701 22
978 632 1176 718 ἡμῖν
1222 669 1303 685 -
1344 637 1427 700 bl
1474 629 1904 722 πρότερον.
1984 633 2205 718 Itaque
2243 653 2433 718 quum
2471 632 2551 697 ab

354 738 813 825 antiquioribus
848 737 1250 825 pbilosophis
1289 737 1500 803 nullus
1541 737 1624 802 ad
1660 757 1782 802 nos
1818 734 2133 800 redundet
2167 736 2425 814 fructus,
2471 735 2552 800 ab

352 844 431 905 iis
475 840 897 906 fundamentis
941 841 1321 906 ordiendum
1365 845 1432 906 in
1485 844 1888 926 quaestione,
1944 861 2108 925 quae
2164 849 2350 904 antea
2407 848 2555 904 sunt

353 947 563 1029 posita
608 949 718 1025 (ὲκ
762 945 893 1010 τῶν
934 941 1371 1028 ὑποκειμένων
1411 945 1608 1024 ο23).
1700 944 1922 1008 Motus
1979 952 2052 1007 ut
2103 945 2366 1007 omnino
2412 963 2555 1007 esse

246 1070 261 1083 ⁸
353 1050 574 1131 possit,
619 1049 780 1133 poni
824 1055 1084 1132 oportet
1126 1050 1505 1133 principium
1553 1067 1819 1111 movens
1863 1045 2208 1123 immobile,
2255 1055 2554 1111 aeternus

351 1158 560 1214 motus
615 1161 940 1215 aeternum
995 1153 1257 1236 requirit
1300 1161 1616 1215 motorem
1659 1149 2073 1226 immobilem,
2133 1159 2206 1221 et,
2241 1152 2294 1213 si
2337 1147 2553 1235 plures

355 1255 481 1317 sint
516 1252 753 1341 singuli
785 1251 1096 1341 singulos:
1168 1256 1361 1340 Atqui
1404 1254 1788 1332 videmus,
1830 1255 1982 1330 1⁸28,
2026 1262 2281 1340 praeter
2312 1263 2554 1319 motum

355 1354 774 1421 orbicularem
813 1350 976 1436 (τὴν
1011 1351 1276 1437 ἁπλῆν
1317 1352 1539 1445 φοράν
1572 1359 1726 1434 029,
1773 1356 1852 1420 cf.
1883 1356 2078 1440 Phys.
2105 1357 2259 1420 VIII
2288 1359 2349 1422 9.
2380 1357 2554 1421 2651:

355 1459 467 1531 16·
525 1462 643 1538 τῆς
697 1455 757 1523 δ’
795 1455 1069 1535 εὐθείας
1125 1462 1346 1548 φορᾶς
1404 1465 1696 1546 προτέρα
1755 1457 1796 1539 ἡ
1849 1453 2089 1541 κύκλῳ·
2152 1455 2367 1536 ἁπλῆ
2423 1451 2555 1543 γὰρ

353 1563 468 1625 καὶ
499 1563 742 1637 τέλειος
775 1561 1074 1680 μᾶλλον)
1114 1562 1435 1627 stellarum
1470 1564 1898 1639 inerrantium,
1935 1563 2264 1626 excitatum
2301 1560 2479 1626 illum
2516 1583 2556 1624 a

352 1684 597 1729 summo
656 1644 971 1750 principio
1031 1676 1329 1731 movente
1385 1664 1724 1743 immobili,
1780 1664 1943 1731 alios
2002 1674 2212 1729 motus
2261 1665 2556 1750 sphaera-

348 1787 490 1831 rum
533 1765 948 1851 planetarum.
1036 1767 1223 1852 Quae
1281 1789 1470 1854 quum
1530 1768 1823 1856 singulae
1881 1768 2170 1856 singulos
2218 1768 2338 1831 sibi
2378 1765 2557 1854 flagi-

354 1876 494 1934 tent
523 1878 808 1935 motores
837 1871 1213 1950 immobileS,
1257 1893 1577 1958 quumque
1621 1884 1880 1938 aeterna
1923 1883 2233 1937 astrorum
2269 1870 2554 1936 substan·

354 1974 443 2035 tia
488 1993 622 2037 non
666 1975 873 2059 possit
914 1973 1149 2038 babere
1191 1978 1567 2061 principium
1603 1997 1871 2041 movens
1899 1979 2021 2040 nisi
2053 1974 2225 2062 quod
2258 1984 2325 2040 et
2350 1976 2557 2059 ipsum

355 2074 707 2140 substantia
750 2079 834 2140 sit
875 2086 1160 2141 aeterna:
1206 2090 1365 2165 quot
1399 2088 1549 2143 sunt
1580 2079 1987 2165 sphaerarum
2016 2087 2244 2156 motus,
2289 2075 2558 2141 totidem

357 2189 619 2264 oportet
675 2179 1061 2245 substantias
1117 2191 1406 2249 aeternas
1468 2182 1828 2247 immobiles
1887 2184 2189 2247 materiae
2248 2184 2556 2245 immunes

352 2303 474 2367 pro
520 2285 845 2369 principiis
889 2284 1191 2349 movendi
1234 2288 1410 2372 poni.
1500 2287 1583 2349 Hi
1639 2297 1923 2351 motores
1978 2288 2221 2350 aeterni
2269 2282 2558 2348 immobi-

351 2384 465 2465 leS,
508 2386 944 2475 distinguendi
987 2387 1084 2451 illi
1129 2389 1398 2476 quidem,
1445 2401 1515 2455 ut
1552 2401 1724 2456 recte
1764 2384 1984 2454 monet
2017 2389 2195 2454 Alex.
2230 2411 2294 2473 p.
2318 2388 2467 2465 682,
2494 2388 2556 2465 3,

353 2513 389 2554 a
436 2490 705 2577 singulis
750 2490 1147 2578 singulorum
1190 2503 1503 2558 astrorum
1552 2496 1773 2558 animis
1832 2493 1950 2573 (cf.
1994 2492 2077 2558 de
2119 2490 2306 2555 coelo
2347 2490 2409 2555 II
2450 2491 2555 2555 12.

352 2594 522 2659 29041
560 2595 650 2658 20
692 2598 902 2679 sqq),
960 2617 1142 2679 quam
1187 2596 1467 2661 habeant
1510 2597 1594 2661 ad
1638 2618 1942 2661 summum
1986 2598 2171 2681 primi
2214 2592 2383 2658 coeli
2425 2613 2558 2657 mo·

354 2709 556 2763 torem
601 2701 928 2776 rationem,
971 2697 1203 2762 frustra
1247 2699 1328 2764 ab
1374 2702 1480 2764 Ar.
1529 2700 1934 2786 quaesiveris.
2011 2700 2108 2763 Ae
2150 2696 2310 2761 deos
2355 2695 2557 2761 diisve

352 2802 588 2868 similes
646 2824 834 2887 quum
877 2804 1008 2866 ‘eos
1068 2824 1208 2866 esse
1254 2802 1406 2867 dicit
1455 2803 1579 2884 (ef.
1627 2805 1829 2868 1074⁶
1863 2804 1978 2881 9),
2037 2802 2116 2865 ab
2163 2803 2407 2864 unitate
2450 2799 2556 2866 dei

298 2953 307 2960 .
354 2908 514 2986 (τοῦ
565 2907 904 2981 κινοῦντος
959 2900 1340 2986 ἀκινήτου),
1401 2929 1585 2993 quam
1645 2909 1998 2971 enixissime
2054 2901 2386 2969 contendit
2433 2902 2554 2983 (cf.

354 3012 458 3074 10.
492 3012 700 3075 1076a
725 3010 793 3074 4:
834 3006 951 3073 οὐκ
988 3001 1268 3092 ἀγαθὸν
1303 3011 1807 3096 πολυκοιρανίη·
1852 3005 1945 3085 εἷς
1977 3010 2345 3096 κοίρανος),
2380 3009 2558 3093 quasi

352 3115 589 3177 invitus
650 3112 731 3176 ad
787 3110 1248 3181 multitudinem
1307 3113 1675 3178 inferiorum
1722 3112 2114 3197 quorundam
2159 3111 2423 3175 deorum
2468 3113 2560 3175 vi-

353 3214 541 3280 detur
600 3213 961 3279 descivisse.
1010 3252 1092 3265 --
1139 3217 1276 3280 ⁶32
1322 3217 1639 3281 δέδεικται
1682 3213 1741 3279 δ’
1781 3219 1851 3279 ὲν
1897 3221 2038 3290 τοῖς
2089 3221 2418 3301 φυσικοῖς,
2475 3212 2556 3277 cf.

354 3318 546 3402 Phys.
563 3317 719 3380 VIII
750 3317 813 3381 8.
844 3319 907 3381 9.
954 3316 1037 3381 de
1069 3316 1256 3382 coelo
1285 3318 1346 3382 11
1376 3320 1419 3383 3
1449 3341 1583 3404 sqq.
1616 3356 1704 3368 --
1739 3319 1871 3383 037
1911 3311 2240 3392 τοσαύτας
2272 3338 2359 3394 τε,
2396 3314 2558 3380 nibil

353 3418 817 3485 desideraveris
858 3423 913 3484 si
950 3424 1276 3486 omittatur
1313 3431 1474 3507 part.
1513 3443 1600 3498 τε,
1644 3430 1716 3484 ut
1749 3430 1847 3485 est
1880 3422 2108 3484 omissa
2144 3421 2210 3483 in
2242 3418 2342 3484 ed.
2371 3418 2555 3504 Sylb.

354 3524 424 3589 Si
467 3533 564 3588 est
597 3525 894 3610 genuina,
937 3524 1272 3591 referenda
1313 3523 1568 3588 videtur
1604 3523 1685 3588 ad
1731 3518 1853 3602 τήν
1896 3545 1979 3587 τε
2022 3518 2240 3612 φύσιν,
2284 3532 2358 3587 ut
2394 3526 2560 3588 inter

352 3647 425 3691 se
453 3629 926 3713 coniungantur
956 3623 1252 3693 numerus
1286 3638 1348 3691 et
1377 3638 1598 3692 natura
1629 3626 2113 3691 substantiarum
2145 3636 2555 3689 aeternarum.

354 3767 441 3781 -
482 3731 566 3797 bl
615 3723 725 3795 διά
771 3724 893 3809 τὴν
942 3734 1285 3816 εἰρημένην
1323 3732 1552 3795 αἰτίαν
1593 3724 1936 3817 πρότερον,
1978 3728 2059 3792 ef.
2101 3732 2159 3793 7.
2197 3729 2409 3793 1073a
2444 3729 2507 3794 5.

486 3839 563 3913 e)
611 3835 878 3899 1073111
928 3829 1056 3898 ὅτι
1102 3870 1183 3886 --
1232 3836 1325 3898 17-
1361 3830 2017 3917 ἀκριβεστέροις.
2108 3830 2321 3914 Quum
2365 3832 2562 3918 igitur

353 3934 845 4002 substantiarum
900 3936 1151 4001 illarum
1203 3957 1503 4001 numerus
1564 3946 1631 4000 et
1679 3933 1845 3999 ordo
1893 3956 1969 3999 ex
2011 3933 2289 3998 motibus
2333 3933 2440 3998 vel
2485 3954 2561 3998 ex

356 4039 640 4124 sphaeris
697 4040 1093 4127 planetarum
1152 4060 1493 4126 suspensus
1550 4042 1659 4118 sit,
1715 4039 1934 4102 barum
1994 4048 2063 4103 ut
2119 4047 2185 4101 et
2233 4057 2559 4102 numerum

358 4163 820 4228 cognoscamus
866 4155 933 4210 et
976 4143 1265 4220 ordinem
1311 4141 1391 4206 ad
1431 4143 1881 4208 astronomiam
1922 4139 2404 4229 digrediendum
2444 4149 2559 4204 est.

357 4247 824 4310 Astronomiam
854 4245 1113 4325 autem,
1174 4250 1351 4312 cuius
1396 4245 1632 4311 auxilio
1673 4245 2066 4333 indigemus,
2127 4246 2409 4330 proxime
2456 4262 2562 4305 eo-

356 4358 611 4438 gnatam
673 4371 813 4414 esse
869 4349 1022 4416 dicit
1076 4353 1197 4437 ipsi
1254 4348 1702 4439 philosophiae
1750 4371 1825 4414 ex
1870 4349 2166 4415 omnibus
2213 4345 2559 4432 disciplinis
