3043 4973
1194 218 1268 292 Γ
1296 218 1378 294 ’8.
1460 217 1651 336 1912
1666 218 1730 294 b.
2420 220 2566 300 217

359 389 491 473 δός
518 398 699 462 ἐστιν
734 396 819 461 iic
860 392 1075 462 verbis
1116 393 1436 476 describit,
1479 417 1646 483 quae
1688 396 1843 484 quid
1887 396 2166 465 debeant
2201 399 2568 488 significare

359 509 647 585 apertum
691 508 790 565 est
832 499 1188 566 conferenti
1235 523 1375 587 cap.
1406 504 1450 567 -7
1495 503 1665 581 init,
1717 501 2045 587 quomodo
2085 503 2158 584 id
2202 503 2569 592 signiae-t

359 601 624 669 difficile
684 612 782 669 est
837 602 1029 670 dictu.
1130 602 1311 689 Quid
1366 603 1814 691 suspicandum
1870 604 2172 672 videatur
2218 607 2304 672 de
2359 629 2568 674 ernen-

358 706 585 773 dandis
640 707 738 773 his
792 708 1006 773 verbis
1063 708 1420 797 significavi
1474 712 1543 774 in
1600 719 1818 774 annot.
1872 711 2007 773 crit.
2062 719 2128 780 et
2178 715 2442 798 exposui
2499 715 2565 776 in

358 810 521 878 Obs.
552 836 616 899 p.
648 813 778 877 116
809 833 945 899 sqq.
961 817 1006 894 ).
1079 814 1174 878 Ita
1221 836 1409 900 quum
1456 813 1732 880 absurda
1775 813 2108 899 proferant
2153 825 2217 879 et
2260 818 2370 901 qui
2412 838 2567 881 vera

359 918 571 982 omnia
619 938 760 981 esse
806 925 871 981 et
915 918 1022 1003 qui
1068 920 1282 982 omnia
1330 939 1471 983 esse
1514 916 1675 983 falsa
1721 917 2137 998 contendunt,
2180 920 2400 984 mirum
2431 940 2567 985 non

358 1029 472 1099 est,
517 1019 694 1107 quod
738 1041 820 1085 eo
864 1021 1074 1086 statim
1120 1019 1513 1099 deferuntur,
1557 1030 1628 1086 ut
1672 1043 1785 1086 sua
1830 1025 1954 1109 ipsi
1989 1021 2219 1108 placita
2261 1032 2567 1103 evertant,

357 1123 532 1210 quod
577 1122 857 1189 dilucide
904 1130 1166 1212 exponit
1195 1124 1576 1216 Aristoteles
1612 1126 1963 1191 ⁶13—18.
2036 1126 2180 1192 Nec
2221 1117 2569 1214 profecerit

357 1226 713 1315 quidquam,
751 1231 820 1308 si,
859 1231 969 1315 qui
998 1250 1148 1293 vera
1182 1231 1393 1295 omnia
1427 1251 1568 1295 esse
1607 1229 1971 1309 contendat,
2007 1228 2353 1296 adversarii
2391 1253 2568 1297 exce-

354 1335 529 1419 perit
567 1336 965 1413 sententiam,
1008 1335 1117 1419 qui
1158 1331 1325 1398 falsa
1360 1336 1576 1400 omnia
1621 1356 1762 1400 esse
1805 1332 2290 1414 indicet,·suu1n
2319 1337 2460 1421 ipse
2491 1358 2565 1401 ex

355 1436 477 1502 1133
518 1436 670 1526 lege
712 1436 1047 1503 secluserit
1088 1435 1419 1514 iudicimm
1473 1438 1577 1503 1113
1635 1441 1800 1504 enim
1852 1459 1996 1504 cun
2039 1460 2158 1505 suo
2202 1438 2446 1506 iudicio.
2485 1443 2569 1505 si·

354 1540 487 1608 mul
530 1563 753 1607 eorum
798 1540 1064 1606 debebit
1102 1544 1392 1628 excipere
1429 1545 1794 1620 sententies,
1840 1546 1950 1628 qui
1986 1543 2108 1608 sibi
2144 1546 2569 1610 assentiantur

354 1644 462 1709 vel
503 1645 602 1709 1113
647 1646 1140 1712 assentientibus
1184 1649 1614 1729 assentiantur
1649 1645 1842 1732 idque
1879 1649 1946 1712 in
1983 1645 2321 1714 infinitum.
2387 1646 2566 1714 Idem

353 1749 425 1813 in
470 1770 591 1814 eos
630 1750 812 1830 cadit,
859 1754 967 1838 qui
1009 1750 1173 1816 falsa
1208 1753 1427 1816 omnia
1467 1761 1610 1816 esse
1642 1748 1890 1818 volunt.
1956 1751 2179 1837 Itaque
2207 1773 2400 1837 qnunn
2431 1754 2567 1818 uni-

352 1873 539 1918 verse
572 1863 854 1920 statuere
889 1855 1013 1920 sibi
1047 1854 1387 1921 videantur
1416 1857 1633 1923 omnia
1670 1875 1812 1920 esse
1845 1876 2000 1922 vera
2032 1853 2142 1942 vel
2176 1859 2388 1921 omnia
2423 1875 2566 1924 esse

353 1956 533 2036 falsa,
577 1967 791 2023 tamen
830 1958 1080 2024 infinita
1129 1981 1203 2024 ex
1240 1960 1362 2028 1133
1394 1957 1545 2047 lege
1583 1959 1955 2046 excipienda
1992 1969 2184 2025 erunt
2214 1960 2564 2027 1218--22

356 2097 440 2112 --
484 2061 783 2148 Dmique
829 2064 1111 2130 1111111113
1154 2065 1461 2148 μοναχῶς
1502 2065 1882 2148 λεγομένοις
1920 2064 2190 2151 physica
2245 2069 2567 2150 comparat

352 2163 589 2250 placita
635 2183 874 2247 eorum,
918 2169 1024 2253 qui
1069 2170 1315 2233 moveri
1362 2170 1672 2233 omniaet
1706 2170 1816 2254 qui
1851 2170 2066 2234 omnia
2101 2170 2429 2254 quiescere
2464 2187 2567 2234 ex·

353 2271 632 2334 istimant
664 2271 1025 2350 bffi-a-ffl,
1080 2293 1263 2357 quae.
1302 2271 1559 2358 quidem
1615 2271 1852 2358 placita
1893 2271 2056 2337 lieet
2110 2291 2246 2336 non
2299 2293 2565 2358 pronus

353 2377 483 2439 sint
525 2374 747 2441 eadem
794 2395 870 2438 ac
894 2381 1075 2460 quae
1120 2377 1408 2461 proxime
1450 2384 1604 2443 sunt
1647 2381 2045 2461 pertractata,
2088 2397 2315 2463 magna
2353 2386 2565 2446 tat-cn

204 2546 215 2553 ,
352 2480 521 2544 inter
578 2500 653 2544 33
709 2478 1048 2546 intercedit
1098 2478 1471 2547 similitudo.
1563 2478 1699 2564 Qui
1756 2482 1926 2545 enim
1981 2483 2193 2545 omnia
2235 2482 2565 2565 quiescere

354 2580 610 2661 volunt,
668 2582 893 2648 eadem
947 2604 1201 2671 semper
1257 2606 1411 2650 vera
1458 2605 1601 2650 esse
1645 2582 1975 2649 debebunt
2019 2583 2439 2663 contendere,
2495 2583 2564 2648 id

354 2685 530 2773 quod
572 2688 907 2753 mmiiesto
952 2688 1179 2754 falsum'
1227 2698 1354 2764 est3
1401 2691 1512 2775 qui
1555 2690 1799 2755 moveri
1844 2691 2054 2753 omnia
2093 2697 2439 2767 autumant,
2481 2710 2562 2754 eo

351 2793 475 2855 13111
533 2790 1035 2880 redarguuntur,
1093 2791 1279 2879 quod*
1324 2790 1477 2859 inde
1533 2796 1976 2878 consequitur,
2032 2801 2108 2856 ut
2147 2793 2360 2856 omnia
2401 2791 2563 2857 fals·

351 2898 511 2971 sint3
556 2895 806 2961 accedit
846 2895 1026 2983 quod
1069 2900 1211 2982 ipsa
1255 2905 1465 2961 motus
1508 2906 1737 2962 natura
1781 2896 2194 2965 substantiam
2228 2905 2292 2961 et
2321 2917 2437 2962 ens
2463 2919 2565 2962 re«-

353 3002 544 3086 quirit
585 3001 725 3081 (ἔτι
763 2994 843 3064 τὸ
888 2995 970 3066 ὂν
1011 2996 1271 3084 ἀνάγκη
1312 2996 1754 3086 μεταβάλλειν
1787 3002 1962 3085 ⁶28„
1991 3004 2032 3067 i.
2063 3023 2121 3067 3.
2167 3002 2264 3065 ἔτι
2305 2996 2563 3086 ἀνάγκη

353 3098 433 3170 ὅν
479 3126 543 3169 τι
586 3101 756 3170 εἶναι
796 3101 859 3170 ei?
897 3126 960 3169 τι
1000 3098 1470 3189 perefflua„
1527 3115 1602 3169 ut
1656 3108 1822 3170 enim
1879 3108 2138 3170 exsistat
2191 3114 2403 3171 motus
2457 3103 2562 3169 vel

351 3211 652 3288 mutatio,
706 3229 889 3272 3333
934 3217 1193 3294 oportet
1235 3220 1302 3273 et
1343 3207 1412 3276 id
1455 3208 1628 3274 unde
1675 3218 1739 3274 et
1783 3208 1852 3275 id
1898 3226 2026 3296 quo
2074 3207 2224 3294 quid
2269 3217 2562 3286 mutetur,

352 3314 432 3377 cf.
458 3311 562 3377 -ad
607 3315 669 3377 5.
717 3313 929 3376 1010ae
955 3314 1057 3377 19.
1132 3312 1275 3376 Nec
1318 3333 1496 3392 vere,
1542 3313 1717 3399 quod
1766 3335 1840 3377 ex
1882 3313 2003 3376 hac
2044 3311 2428 3377 refutatione
2473 3311 2562 3376 fe-

352 3416 474 3482 3113
519 3417 881 3504 collegeris,
919 3419 1011 3485 ita
1046 3426 1202 3481 sunt
1236 3419 1445 3481 omnia
1480 3426 1865 3503 comparata,
1909 3428 1981 3482 ut
2013 3414 2397 3502 aliquamdiu
2429 3432 2564 3481 mov

350 3532 646 3602 veantur,
715 3520 1102 3607 aliquamdiu
1166 3522 1497 3606 quiesoent
1554 3517 1746 3603 (οὐδὲ
1804 3516 2028 3586 πάντα
2079 3516 2310 3606 ἠρεμεῖ
2361 3514 2410 3598 ἢ
2463 3541 2563 3584 κιο·

350 3629 560 3692 νεῖται
603 3629 832 3706 ποτε),
890 3623 1010 3690 sed
1065 3634 1163 3688 est
1213 3622 1509 3710 quiddam
1564 3623 1740 3710 quod
1771 3626 2105 3690 'continuo
2154 3633 2410 3688 moveat
2450 3626 2563 3705 im?

350 3742 591 3796 motum
634 3734 873 3816 ipsum,
918 3728 999 3793 cf.
1042 3729 1120 3794 A
1158 3731 1226 3811 ¹7.
1273 3766 1359 3778 -
1404 3729 1698 3793 Extrema
1745 3728 1904 3793 haec
1944 3726 2143 3793 verba
2178 3728 2309 3790 1122
2351 3749 2562 3814 φανε·

350 3828 471 3919 ρὰν
511 3872 594 3887 -
635 3836 721 3899 31
771 3828 935 3901 mimi
980 3831 1155 3920 quod
1190 3830 1537 3897 Alexandri
1579 3841 1792 3897 aetate
1829 3835 1912 3917 inx
1945 3830 2192 3918 aliquot
2234 3830 2561 3897 codicibus

350 3936 718 4017 defuerunt,
785 3958 922 4002 non
978 3944 1195 4023 potest
1250 3956 1473 4001 eorum
1530 3935 1725 4001 fidem
1777 3938 2179 4013 imminuere,
2240 3956 2429 4020 quum
2487 3957 2561 3999 ex

350 4043 505 4127 ipsis
552 4041 899 4107 Alexandri
940 4041 1154 4106 verbis
1200 4039 1594 4127 intelligatur
1631 4062 1749 4105 cur
1792 4040 2030 4107 fuerint
2073 4041 2334 4115 omissa:
2388 4038 2560 4103 vide-

350 4143 585 4210 bantur
636 4149 928 4211 nimirum
987 4144 1066 4209 ad
1124 4144 1451 4231 physicam
1508 4148 1727 4231 potius
1788 4142 2184 4230 disciplinam
2242 4146 2561 4229 pertinere

353 4271 539 4335 quam
584 4249 667 4314 ad
710 4249 1226 4336 metaphysicam.
1311 4250 1398 4314 At
1440 4248 1609 4314 idem
1655 4248 1780 4313 dici
1824 4257 2044 4335 potest
2083 4256 2309 4313 contra
2353 4250 2559 4334 capita

351 4356 720 4440 gravissima
767 4363 836 4420 et
879 4356 1052 4418 omni
1099 4351 1499 4421 dubitatione
1545 4363 1791 4419 exanta
1834 4351 1981 4418 libri
2025 4354 2100 4419 A
2112 4378 2127 4430 ;
2187 4373 2309 4417 nec
2350 4362 2559 4437 respue·-
