3043 4973
524 254 674 329 292
1364 255 1429 325 Ε
1476 252 1546 325 3.
1630 248 1897 325 102711.

521 454 656 499 non
702 442 827 512 est,
883 433 1247 497 necessario
1293 429 1437 510 ille,
1493 428 1578 494 de
1629 450 1758 515 quo
1805 427 2260 515 quaesivimuS,
2317 436 2584 492 eventus
2629 434 2740 490 aut

520 535 836 625 procedet
879 545 990 600 aut
1030 555 1167 598 non
1212 531 1544 621 procedet.
1619 533 1964 597 Possumus
2015 535 2200 596 etiam
2246 534 2312 596 in
2359 529 2737 617 quaerendis

523 644 731 707 causis
776 640 1175 728 supergressi
1221 639 1582 725 praesentia
1622 657 1820 723 usque
1859 635 1939 701 ad
1969 637 2313 723 praeterita
2342 634 2569 714 redire,
2612 626 2740 699 κᾶν

521 739 947 834 ὑπερπηδήσῃ
1005 765 1103 819 τις
1162 745 1266 817 εὶς.
1303 734 1389 805 τὰ
1441 736 1765 827 γενόμενα
1806 742 1910 804 ῠ6.
2010 741 2393 805 Necessario
2440 740 2568 817 hic,
2629 741 2739 825 qui

521 869 694 914 nunc
753 850 937 924 vivit,
993 848 1284 921 moritum
1333 865 1608 929 namque
1663 847 1729 908 in
1789 842 2014 908 eodem
2076 846 2211 908 eius
2264 863 2536 929 corpore
2585 863 2741 906 con-

523 954 713 1016 traria
763 949 1075 1015 elementa
1122 950 1460 1014 coniuncta
1505 957 1672 1013 sunt.
1742 946 1873 1012 Sed
1919 957 2128 1012 utrum
2169 969 2289 1033 per
2328 946 2615 1011 morbum
2653 967 2740 1010 an

522 1077 641 1142 per
699 1057 822 1119 vim
879 1052 1132 1119 sublato
1192 1027 1656 1117 contrariorum
1713 1054 1892 1137 quasi
1953 1061 2270 1116 concentu
2325 1053 2409 1115 sit
2452 1053 2740 1114 interitu-

524 1179 649 1237 rae,
696 1158 761 1223 id
805 1156 1092 1222 nondum
1141 1167 1377 1222 certum
1425 1169 1536 1236 est,
1583 1155 1698 1221 sed
1745 1153 2002 1221 aliunde
2050 1166 2145 1220 est
2180 1177 2571 1242 suspensum,
2618 1147 2739 1219 ἐὰν

521 1260 669 1329 τοδὶ
712 1263 982 1345 γένηται
1020 1263 1169 1327 ῠ11.
1260 1262 1478 1346 Itaque
1542 1281 1740 1347 usque
1799 1259 1880 1324 ad
1941 1270 2173 1324 certam
2233 1257 2543 1346 quandam
2591 1280 2739 1322 cau-

465 1400 470 1404 ·
524 1385 656 1429 sam
714 1363 1122 1431 redeundum·
1171 1374 1269 1429 est
1323 1367 1390 1430 in
1447 1386 1774 1429 causarum
1819 1363 2257 1452 indagatione,
2316 1383 2525 1450 neque
2568 1361 2738 1427 ultra

523 1471 750 1556 (μέχρι
792 1463 973 1546 τινὸς
1011 1468 1268 1554 βαδίζει
1311 1464 1518 1554 ἀρχῆς
1559 1469 1718 1547 ὺ11,
1765 1470 1878 1532 int.
1923 1463 2000 1532 τὸ
2044 1469 2321 1556 πρᾶγμα
2364 1466 2471 1531 vel
2516 1463 2559 1547 ἡ
2606 1466 2737 1532 τῶν

521 1573 751 1639 αἰτίων
793 1568 1129 1655 §vitnau->3
1178 1572 1268 1637 ibi
1311 1573 1689 1659 principium
1737 1581 1833 1636 est
1876 1571 2307 1657 quaerendum
2353 1592 2563 1635 rerum
2605 1569 2738 1633 for·-

522 1677 838 1754 tuitarum,
888 1698 1051 1762 quae
1096 1685 1325 1762 utpote
1369 1676 1672 1740 fortuitae
1716 1674 1954 1739 nullam
2001 1678 2263 1740 omnino
2309 1673 2549 1739 habent
2593 1696 2738 1738 cau·

522 1800 672 1843 sam.
742 1779 818 1845 Id
864 1788 1073 1844 autem
1121 1801 1270 1844 num
1317 1783 1638 1864 pertineat
1681 1778 1762 1844 ad
1808 1777 2192 1844 materialem
2239 1800 2320 1843 an
2362 1778 2445 1843 ad
2476 1777 2736 1843 finalem

522 1891 605 1948 an'
650 1882 732 1947 ad
776 1892 1139 1949 moventem
1186 1886 1454 1963 causam,
1500 1882 1846 1947 videndum
1894 1893 2008 1948 est.
2364 1897 2373 1904 ‘

655 1986 1077 2052 suffecturam
1135 1990 1423 2074 cuiquam
1480 1987 1648 2051 hanc
1701 2009 1841 2052 esse
1884 1987 2337 2075 disputationis
2384 1984 2739 2076 Aristoteli-

524 2110 636 2155 cae
693 2093 1281 2177 interpretationem
1340 2113 1474 2155 non
1521 2089 1750 2170 credo,
1806 2113 2025 2157 verum
2072 2090 2339 2156 difficile
2381 2100 2483 2155 est
2523 2112 2600 2154 ea
2643 2091 2738 2154 in-

521 2197 879 2279 terpretari,
924 2216 1086 2279 quae
1129 2194 1554 2281 philosophus
1599 2197 1737 2281 ipse
1781 2216 1919 2260 non
1961 2198 2112 2260 satis
2160 2195 2457 2260 distincte
2494 2203 2561 2258 et
2595 2214 2737 2278 per·

522 2300 743 2382 spicue
789 2295 1178 2382 explicuerit.
1257 2300 1566 2363 Nimirum
1613 2297 1832 2383 quales
1876 2319 2037 2364 non
2083 2302 2211 2364 sint
2253 2320 2480 2363 causae
2525 2319 2735 2361 rerum

514 2399 919 2465 'fortuitarum
950 2401 1329 2467 Aristoteles
1369 2423 1486 2488 per
1532 2401 1818 2488 exempla
1862 2401 2150 2482 illustrat,
2195 2402 2416 2490 quales
2461 2405 2625 2466 sint
2667 2404 2735 2465 in

520 2505 734 2571 medio
767 2504 1086 2591 relinquit.
1157 2504 1323 2571 Illud
1371 2510 1538 2571 enim
1573 2504 1789 2593 'ipsum
1822 2506 1996 2592 quod
2036 2509 2360 2573 verissime
2394 2506 2571 2571 dicit:
2614 2507 2739 2571 τοῦ

513 2605 691 2681 κατά
731 2604 1147 2695 συμβεβηκὸς
1182 2614 1571 2695 γιγνομένου
1605 2611 1717 2675 καὶ
1751 2604 1881 2685 τὰς’
1907 2612 2126 2688 αἰτίας
2158 2606 2328 2676 εἶναι
2362 2603 2532 2675 κατὰ
2570 2629 2734 2693 συμ-

519 2708 804 2799 βεβηκός
830 2715 912 2793 ι),
955 2713 1113 2778 nihil
1158 2712 1330 2778 aliud
1377 2716 1664 2778 continet
1706 2716 1828 2777 nisi
1871 2717 2233 2803 negativam
2277 2714 2735 2793 definitionem,

522 2838 657 2882 non
703 2837 845 2881 esse
892 2819 1029 2880 eius
1073 2839 1297 2881 causas
1344 2818 1565 2892 αἰτίας
1604 2814 1773 2881 καθ’
1812 2813 1996 2883 αὑτό.
2084 2819 2262 2883 Haec
2305 2828 2514 2884 autem
2558 2828 2735 2905 post—

523 2942 710 3007 quam
756 2930 928 2985 recte
972 2923 1206 2999 statuit,
1252 2940 1387 2985 non
1431 2918 1685 2985 videtur
1728 2924 1991 2986 omnino
2038 2925 2259 3008 quaeri
2300 2942 2501 3009 posse
2538 2917 2733 2987 πότε-

522 3045 643 3112 ρον
687 3020 774 3100 ὡς
819 3028 908 3100 εὶς
947 3019 1113 3102 ὕλην
1154 3024 1321 3103 κτλ.,
1378 3045 1521 3088 nam
1578 3035 1936 3110 quaesunt
1978 3048 2120 3113 per
2162 3025 2542 3091 accidens
2591 3047 2733 3090 cau-

517 3149 658 3206 sae,
718 3149 833 3192 eae
889 3137 1114 3213 suapte
1170 3137 1391 3192 natura
1447 3129 1780 3193 inhaerere
1839 3129 2091 3215 quidem
2149 3140 2425 3217 possunt
2474 3128 2735 3195 cuilibet

523 3253 849 3297 causarum
894 3235 1148 3319 generi,
1191 3230 1306 3296 sed
1353 3234 1419 3296 in
1465 3231 1649 3297 nullo
1694 3254 1933 3321 genere
1978 3234 2109 3299 τῶν
2152 3229 2343 3301 καθ’
2383 3228 2582 3297 αὐτὸ
2628 3236 2732 3298 αὶ·-

519 3337 675 3400 τίων
722 3338 1149 3400 continentur.
1240 3337 1383 3402 Nec
1440 3358 1597 3402 vero
1657 3347 1807 3423 apte
1858 3340 1925 3402 in
1969 3340 2306 3423 superiore
2353 3339 2556 3423 capite
2601 3336 2732 3401 for-

520 3441 816 3503 tuitarum
854 3460 1065 3503 rerum
1106 3461 1354 3505 causam
1392 3443 1459 3504 in
1499 3444 1760 3506 materia
1803 3444 2037 3527 posuit,
2082 3437 2246 3506 ὥστε
2290 3438 2337 3520 ἡ
2376 3435 2501 3520 ὕλη
2547 3444 2732 3505 ἔσται

519 3541 703 3605 atria
745 3537 789 3620 ἡ
830 3542 1217 3627 ἐνδεχομένη
1255 3536 1442 3628 παρὰ
1473 3539 1553 3609 τὸ
1591 3541 1678 3621 ὡς
1710 3546 1816 3610 ἐπὶ
1850 3539 1928 3610 τὸ
1963 3538 2136 3610 πολὺ
2167 3539 2380 3620 ἄλλως
2410 3544 2534 3609 τοῦ
2565 3563 2731 3627 συμ-

629 3695 693 3767 1)
728 3699 946 3763 Rectius,
983 3701 1073 3752 sed
1106 3721 1288 3772 parum
1315 3702 1641 3767 Aristotelice,
1677 3705 1800 3757 baec
1834 3705 2110 3776 propositio
2146 3705 2275 3756 banc
2308 3704 2502 3756 videtur
2534 3704 2586 3755 in
2621 3705 2721 3756 for-

517 3806 656 3840 mam
688 3786 841 3852 redigi
874 3807 1037 3862 posse.
1110 3787 1425 3851 For-mitum,
1463 3787 1807 3859 συμβεβηκός,
1844 3791 2041 3843 videtur
2077 3790 2334 3860 quidpiam
2368 3788 2500 3852 fieri,
2543 3790 2586 3840 si
2620 3809 2726 3841 non

518 3873 583 3924 ad
617 3893 761 3925 suam
783 3893 840 3924 ac
864 3871 1122 3942 propriam
1147 3893 1349 3926 causam
1372 3875 1600 3938 refertur,
1636 3878 1726 3929 sed
1761 3878 1825 3929 ad
1859 3878 1956 3947 τὴν
1991 3877 2130 3930 κατὰ
2168 3875 2492 3949 συμβεβηκὸς
2525 3879 2722 3928 αἰτίαν.

516 3957 700 4021 veluti,
733 3972 793 4010 ut
814 3972 929 4011 utu·
956 3961 1182 4028 exemplo
1205 3959 1537 4024 Aristotelico,
1573 3962 1639 4015 τὸ
1672 3964 1769 4031 τὴν
1807 3968 1980 4018 οἰκίαν
2013 3972 2128 4022 τοῖς
2161 3968 2255 4034 μὲν
2287 3961 2485 4030 ἡδεῖαν,
2520 3965 2636 4022 τοῖς
2670 3964 2727 4014 δὲ

515 4035 935 4116 βλαβεροὶΐῖἶναι
971 4061 1018 4101 2.
1047 4061 1179 4101 1026
1209 4039 1262 4102 ὅ’1
1302 4048 1567 4103 fortuitum
1602 4062 1690 4111 est,
1725 4049 1767 4101 si
1790 4049 2062 4121 respexeris
2093 4048 2356 4102 consilium
2385 4048 2725 4111 aedificatoris,

518 4129 605 4200 qui
637 4144 890 4197 metm-umv
907 4131 1081 4183 habuit
1113 4132 1164 4183 in
1201 4133 1383 4196 animo,
1420 4136 1509 4185 sed
1545 4135 1590 4186 ei
1621 4134 1810 4198 accidit,
1846 4139 2049 4207 συνέβη,
2085 4149 2143 4186 ut
2165 4134 2241 4187 his
2262 4137 2471 4205 placeat,
2506 4135 2597 4187 illis
2623 4135 2722 4187 dis-

515 4214 694 4289 pliceat
736 4215 1032 4268 aedificium.
1106 4219 1176 4273 At
1212 4216 1348 4271 idem
1382 4218 1446 4272 τὸ
1481 4220 1581 4288 τὴν
1618 4224 1790 4275 οἰκίαν
1830 4255 1893 4264 -
1930 4220 2191 4291 βλαβερὰν
2228 4211 2359 4273 εἶναι
2393 4220 2723 4272 necessarium

516 4302 785 4366 videbitur,
820 4302 861 4354 si
892 4315 1124 4354 naturam
1157 4304 1235 4354 vel
1265 4304 1365 4358 loci
1397 4306 1475 4356 vel
1509 4305 1721 4358 aedificii
1755 4320 1806 4358 et
1834 4306 2170 4360 habitantium
2204 4306 2590 4359 iudicantiumve
2626 4308 2720 4359 ho-

515 4389 711 4442 minum
741 4401 942 4442 naturas
975 4388 1259 4459 respexeris.
