3043 4973
495 234 595 308 60
1342 237 1419 307 A
1466 235 1538 308 3.
1611 232 1840 309 98311.

497 410 581 477 de
623 411 747 475 hac
784 402 1113 476 causarum
1138 410 1569 476 ‘distinctione
1605 421 1671 477 et
1705 408 2032 497 quomodo
2069 418 2344 496 quatuor
2371 407 2534 472 haec
2562 430 2709 472 cau*

495 537 703 583 sarum
747 535 984 602 genera
1018 514 1099 579 ad
1141 520 1259 580 tria
1298 525 1687 581 revocentur
1716 514 2196 600 disputaverunt
2224 515 2439 578 Ritter
2467 511 2705 577 Gesch.

497 617 558 683 d.
604 618 765 683 Phil.
812 619 902 683 111
953 641 1016 704 p.
1063 620 1186 683 159
1232 642 1366 705 sqq.
1445 618 1662 684 Zeller
1707 617 1863 683 Phil.
1911 617 1971 683 d.
2019 617 2133 683 Gr.
2177 619 2238 683 11
2282 641 2343 702 p.
2389 620 2521 682 409
2565 638 2706 702 sqq.

495 723 724 787 Waitz
766 721 848 787 ad
878 722 999 786 An.
1036 734 1204 808 post.
1247 724 1308 788 11
1348 725 1451 787 11.
1497 725 1621 788 94⁶
1656 724 1762 785 20.
1831 722 2322 786 Forchhammer
2353 718 2706 784 Verbandl.

496 823 612 891 der
655 827 948 892 sechsten
979 827 1164 891 VerS.
1200 826 1538 892 deutscher
1568 823 1972 913 Philologen.
2023 827 2214 891 1844.
2258 849 2323 911 p.
2355 824 2659 890 84—89.

632 931 724 993 Ac
767 932 1032 1015 primum
1077 929 1330 1015 quidem
1376 930 1787 995 substantiam
1845 939 1913 994 et
1955 932 2285 994 notionem
2330 928 2707 993 substantia-

496 1033 621 1098 lem
667 1033 788 1113 (cf.
837 1033 919 1099 ad
963 1035 1026 1097 Z
1051 1036 1092 1097 4
1139 1041 1314 1120 sqq.)
1359 1037 1814 1121 principiorum
1859 1035 1931 1098 iu
1975 1054 2237 1098 numero
2285 1054 2428 1099 esse
2470 1030 2711 1096 habeu-

496 1136 641 1203 dam
695 1137 851 1201 inde
906 1146 1201 1224 apparet:
1260 1133 1578 1220 ἀνάγεται
1633 1129 1762 1221 γάρ
1817 1130 1895 1199 τὸ
1942 1129 2053 1201 διά
2098 1138 2163 1201 τί
2208 1141 2295 1213 εὶς
2340 1131 2457 1201 τὸν
2501 1130 2710 1218 λόγον

495 1242 775 1324 ἔσχατον
802 1241 957 1318 «128,
998 1240 1058 1303 h.
1092 1262 1144 1304 e.
1189 1243 1244 1305 si
1282 1244 1423 1326 quis
1462 1242 1860 1326 quaesiverit,
1903 1262 2015 1304 cur
2050 1238 2290 1326 aliquid
2327 1240 2452 1304 hoc
2483 1241 2568 1303 sit
2599 1237 2710 1302 vel

496 1341 673 1421 illud,
719 1365 907 1428 quum
944 1342 1137 1408 multa
1175 1347 1424 1431 possint
1454 1343 1848 1432 responderi,
1884 1355 2211 1429 postremo
2244 1354 2471 1422 tamen,
2513 1344 2710 1426 ἔσχα-

496 1470 641 1535 τον,
687 1446 1014 1512 afferenda
1061 1458 1158 1512 est
1205 1470 1277 1512 ea
1325 1451 1540 1525 noti0,
1587 1469 1750 1534 quae
1794 1450 1994 1534 ipsam
2039 1451 2132 1512 rei
2176 1456 2464 1516 naturam
2508 1450 2710 1533 expri-

494 1560 625 1616 mat
667 1551 1050 1630 (vernacule
1090 1555 1553 1638 interpreteris:
1598 1552 1768 1616 denn
1798 1551 1922 1615 das
1955 1552 2235 1616 Warum
2263 1553 2435 1616 wird
2473 1552 2710 1616 zuletzt

496 1655 632 1741 aus
655 1656 778 1720 den
810 1654 1101 1745 Begriff
1118 1657 1236 1720 der
1267 1655 1485 1721 Sache
1527 1655 2093 1741 zuriickgfiihrt).
2161 1656 2468 1720 Nimirum
2512 1656 2708 1739 ἔσχα-

495 1780 615 1824 τον
646 1782 782 1824 cum
817 1757 1178 1824 Alexandro
1212 1759 1614 1826 referendum
1648 1781 1786 1824 esse
1818 1758 1898 1823 ad
1927 1760 2194 1825 verbum
2223 1754 2555 1843 ἀνάγεται,
2584 1780 2711 1822 nec

497 1884 638 1927 cum
686 1861 1250 1951 Hengstenbergio
1297 1862 1381 1927 ad
1424 1857 1543 1928 τὸν
1587 1859 1805 1947 λόγον,
1859 1863 2271 1929 confirmatur
2317 1861 2463 1927 coll.
2508 1862 2707 1946 Phys.

496 1968 558 2032 ΙΙ
589 1969 649 2033 7.
687 1968 850 2032 1980
878 1970 987 2032 16:
1035 1972 1124 2044 εἰς
1166 1961 1243 2032 τὸ
1289 1968 1365 2031 τί
1410 1970 1635 2032 ἐστιν
1680 1962 1998 2049 ἀνάγεται
2041 1961 2119 2032 τὸ
2167 1960 2280 2032 διά
2321 1968 2387 2031 τί
2431 1967 2710 2050 ἔσχατον

496 2073 568 2135 ἐν
612 2076 752 2146 τοῖς
795 2065 1154 2150 ἀκινήτοις,
1215 2067 1359 2137 οἷον
1416 2075 1487 2136 ὲν
1545 2078 1685 2147 τοῖς
1727 2065 2169 2154 μαθήμασιν·
2228 2075 2316 2147 εἰς
2359 2063 2709 2156 ὁρισμὸν

496 2166 627 2260 γὰρ
671 2173 791 2238 τοῦ
835 2170 1073 2250 εὐθέος
1115 2167 1160 2255 ἢ
1199 2178 1571 2260 συμμέτρου
1604 2168 1648 2253 ἢ
1677 2167 1883 2239 ἄλλον
1911 2167 2088 2249 τινος
2119 2167 2432 2256 ἀνάγεται
2470 2173 2710 2258 ἔσχα-

496 2297 660 2341 τον.
728 2276 859 2340 Iam
902 2297 1059 2340 vero
1097 2299 1223 2362 quo
1259 2281 1326 2341 in
1362 2275 1811 2365 investigando
1851 2288 2177 2363 postremo
2211 2276 2599 2355 devenimus,
2641 2274 2711 2339 id

498 2390 723 2467 suapte
767 2390 993 2445 natura
1037 2384 1304 2467 primum
1350 2390 1476 2460 est,
1532 2381 1710 2447 Alex.
1758 2406 1823 2469 p.
1860 2383 1962 2460 18,
2007 2382 2079 2463 2,
2126 2390 2315 2466 atque
2359 2379 2513 2459 hoc,
2560 2399 2710 2466 pro-

497 2495 643 2573 pter
688 2484 861 2572 quod
907 2495 1220 2571 tamquam
1275 2488 1544 2573 primum
1589 2479 1742 2567 (διά
1787 2486 1852 2550 τί
1895 2485 2195 2572 πρῶτον)
2242 2480 2564 2570 quaelibet
2606 2506 2709 2552 res

501 2611 577 2655 ea
625 2600 751 2667 est,
810 2611 971 2675 quae
1021 2600 1142 2669 est,
1195 2590 1322 2653 hoc
1380 2612 1535 2654 vero
1581 2611 1701 2677 pro
1749 2612 1936 2654 causa
1983 2611 2057 2653 ac
2099 2592 2416 2686 principio
2464 2599 2559 2655 est
2600 2589 2711 2653 ha-
2824 2616 2829 2622 ·

497 2692 797 2759 bendum.
887 2691 1321 2759 Referendum
1382 2714 1521 2758 esse
1574 2694 1837 2775 πρῶτον
1880 2691 1963 2756 ad
2008 2694 2074 2757 τί
2117 2714 2323 2778 neque
2370 2691 2452 2757 ad
2497 2697 2711 2758 α’ίτιον

497 2799 612 2861 καὶ
668 2792 870 2882 ἀρχή,
928 2805 1000 2860 ut
1056 2800 1139 2860 sit
1197 2807 1507 2882 «propter
1561 2795 1713 2880 quid
1757 2806 2069 2882 tamquam
2115 2798 2453 2882 primumst»
2521 2798 2712 2861 sicuti

498 2899 720 2986 paullo
752 2898 914 2962 infra
945 2898 1179 2987 legitur
1209 2898 1277 2981 εξ
1307 2891 1386 2964 οὗ
1414 2894 1677 2981 πρώτου
1709 2902 1809 2978 ῠ8,
1841 2899 1920 2964 cf.
1951 2899 2006 2964 A
2035 2901 2098 2963 3.
2135 2899 2340 2963 1014a
2364 2901 2470 2977 26,
2515 2921 2589 2962 ex
2626 2919 2707 2964 eo

501 3006 938 3090 cognoscitur,
1000 3001 1172 3087 quod
1220 3006 1514 3089 principii
1559 3012 1785 3066 natura
1832 3004 2188 3068 coniunctis
2232 2999 2560 3066 vocabulis
2604 2998 2711 3065 α’ί-

499 3128 643 3171 τιον
686 3107 799 3185 καὶ
843 3100 1014 3191 ἀρχή
1062 3109 1213 3171 satis
1261 3116 1359 3186 est
1405 3105 1684 3185 definita,
1730 3105 1809 3170 ad
1857 3099 1968 3171 διὰ
2008 3107 2071 3170 τί
2110 3117 2333 3182 autem,
2378 3107 2710 3191 superiora

496 3214 719 3289 secuti,
748 3213 1123 3296 requirimus
1154 3209 1339 3275 adiici
1371 3208 1708 3296 quidpiam,
1753 3209 1926 3276 unde
1958 3230 2091 3273 non
2124 3212 2466 3296 proximam
2500 3230 2711 3293 quam-

501 3337 623 3402 que
671 3337 899 3380 causae
947 3314 1427 3378 denotationem
1474 3312 1597 3376 dici
1645 3321 1963 3400 appareat,
2009 3311 2122 3377 sed
2166 3334 2300 3377 eam
2339 3334 2504 3399 quae
2534 3316 2711 3376 inve-

499 3421 755 3504 stiganti
787 3416 1022 3496 ultima,
1063 3420 1262 3502 prima
1310 3422 1393 3482 sit
1422 3440 1537 3482 sua
1567 3419 1762 3503 ipsius
1792 3426 2032 3494 natura,
2081 3417 2157 3484 cf.
2191 3420 2309 3482 An.
2343 3428 2510 3505 post.
2542 3418 2571 3480 I
2601 3418 2709 3481 24.

499 3523 617 3586 85ὂ
654 3521 767 3584 32:
825 3520 938 3583 καὶ
996 3516 1201 3596 οὕτως
1245 3516 1454 3602 ἰόντες
1499 3515 1665 3585 ὅταν
1705 3524 1935 3604 μηκέτι
1980 3518 2062 3584 δι’
2103 3515 2266 3585 ἄλλο
2310 3516 2462 3603 μηδ’
2505 3513 2711 3585 ἄλλου

500 3627 715 3701 ἕνεκα,
776 3616 888 3687 διὰ
941 3625 1137 3687 τοῦτο
1196 3620 1282 3699 ὡς
1324 3625 1508 3699 τέλος
1554 3624 1774 3713 φαμὲν
1818 3625 2047 3688 ἐλθεῖν
2089 3625 2201 3687 καὶ
2247 3618 2412 3688 εἶναι
2453 3624 2563 3687 καὶ
2610 3624 2710 3706 γί-

494 3729 764 3812 νεσθαι,
808 3726 921 3790 καὶ
963 3720 1111 3791 τότε
1158 3726 1398 3791 εἰδέναι
1440 3721 1732 3810 μάλιστα
1776 3719 1885 3792 διὰ
1919 3729 1984 3790 τί
2023 3716 2255 3804 ἦλθεν.
2288 3765 2376 3777 --
2425 3726 2709 3791 Alterum

502 3852 727 3895 causae
783 3851 987 3918 genus
1049 3852 1237 3915 quum
1297 3851 1438 3894 esse
1490 3829 1654 3894 dicit
1685 3822 1807 3909 τὴν
1851 3824 2016 3909 ὕλην
2070 3832 2183 3896 καὶ
2241 3826 2315 3893 τὸ
2370 3826 2712 3915 ὑποκείμε-

500 3955 620 3999 νον
663 3934 814 4012 α29,
857 3936 1041 3998 notio
1085 3936 1204 3998 τοῦ
1245 3929 1686 4018 ὑποκειμένου,
1735 3955 1897 4019 quae
1941 3932 2127 3997 latius
2175 3943 2367 4019 patet,
2412 3933 2490 3998 cf.
2534 3936 2625 3998 H
2648 3936 2708 3998 4.

502 4039 712 4103 1044α
750 4039 795 4101 9
849 4047 914 4103 ct
966 4036 1049 4101 ad
1090 4037 1164 4101 A
1209 4039 1270 4102 2.
1316 4039 1483 4103 982α
1521 4039 1640 4116 23,
1699 4036 2000 4102 definitur
2056 4040 2350 4123 apposita
2407 4042 2711 4105 materiae

499 4144 790 4206 notione.
868 4142 1093 4204 Tertio
1142 4138 1375 4206 deinde
1421 4145 1661 4229 generi,
1705 4141 1880 4227 quod
1926 4146 2203 4206 cernitur
2245 4144 2312 4206 in
2359 4163 2544 4222 causa
2580 4164 2712 4207 mo·

502 4249 673 4332 trice,
719 4257 1005 4331 quartum
1050 4237 1129 4309 τὸ
1176 4234 1254 4309 οὗ
1298 4250 1482 4310 ἕνεκα
1531 4250 1899 4333 oppositum
1946 4266 2086 4311 esse
2134 4243 2317 4324 dicit,
2360 4239 2482 4324 τὴν
2528 4242 2713 4312 ἀντι-

498 4353 798 4436 κειμένην
841 4344 1044 4440 ταύτῃ
1080 4351 1234 4428 α31,
1281 4351 1576 4435 quoniam
1623 4360 1693 4416 ut
1740 4349 1940 4418 altera
1985 4348 2067 4416 ad
2102 4351 2415 4439 originem
2453 4353 2715 4438 respicit
