3043 4973
1124 320 1131 327 ,
1160 239 1231 309 Δ
1286 236 1398 311 10.
1483 236 1752 312 1018α.
2409 236 2554 311 247

345 409 480 496 ραί,
522 409 775 475 videtur
815 411 885 475 in
928 419 1102 476 textu
1146 410 1445 477 habuisse
1488 404 1635 477 οἷον
1677 412 1800 491 (cf.
1845 410 1926 476 ad
1963 412 2038 477 A
2071 414 2130 477 4.
2173 413 2457 493 sesto),
2501 416 2555 478 si

346 515 612 578 omnino
641 512 867 579 liceret
897 513 1179 600 Asclepii
1221 515 1329 579 vel
1370 515 1722 581 certissimo
1755 518 2122 580 testimonio
2157 526 2379 580 contra
2410 515 2557 580 Ale·-

342 616 570 681 xandri
627 619 1067 682 auctoritatem
1113 617 1451 704 quidquam
1498 618 1799 684 tribuere.
1893 618 2196 685 Ceterum
2243 629 2555 684 extremos

344 723 652 802 tenninos
709 742 745 784 a
805 721 1036 806 quibus
1094 720 1383 786 ordiatur
1440 732 1505 787 et
1565 724 1632 787 in
1689 742 1850 808 quos
1908 721 2156 788 desinat
2216 726 2552 810 generatio

344 833 412 888 et
468 826 761 888 interitus
818 834 1025 889 utrum
1083 845 1197 889 ens
1254 833 1322 889 et
1379 845 1683 890 non-ens
1742 825 2016 913 intelligi
2073 825 2231 890 velit
2289 847 2367 889 an
2430 826 2555 889 for—

343 948 505 991 mam
552 938 619 991 et
659 931 1011 1006 materiam,
1070 945 1192 992 nec
1247 938 1427 993 certo
1483 928 1832 994 decernere
1885 932 2081 992 ausim
2129 949 2248 992 nec
2293 927 2554 992 multum

345 1029 428 1095 ad
471 1052 604 1095 rem
652 1030 882 1098 differt.
931 1071 1018 1082 —
1075 1031 1284 1116 Quam
1343 1042 1524 1097 sexto
1572 1031 1722 1097 loco
1769 1032 1958 1097 affert
2001 1035 2436 1119 oppositionis
2476 1033 2555 1093 si-

343 1134 853 1222 gnificationem,
912 1155 1051 1199 eam
1100 1137 1238 1220 ipse
1286 1134 1574 1220 exemplo
1621 1133 1817 1202 allato
1865 1134 2221 1200 luculenter
2264 1133 2554 1199 illustrat.

344 1236 606 1324 Corpus
662 1237 745 1303 ad
804 1236 1057 1302 colores
1119 1237 1528 1324 accipiendos
1585 1237 1888 1306 idoneum
1947 1259 2082 1303 non
2128 1249 2345 1325 potest
2387 1236 2555 1301 idem

342 1340 530 1408 simul
588 1351 654 1406 et
708 1341 953 1406 fuscum
1012 1362 1154 1405 esse
1213 1350 1279 1406 et
1332 1340 1580 1416 album3
1636 1341 1788 1407 inde
1846 1342 1952 1406 vel
2008 1342 2074 1406 hi
2132 1345 2256 1428 ipsi
2302 1339 2556 1406 colores

343 1448 626 1531 oppositi
670 1448 839 1509 inter
881 1465 952 1510 se
999 1444 1298 1509 dicuntur
1339 1465 1510 1524 esse,
1566 1445 1672 1510 vel
1717 1449 1977 1511 extremi
2022 1444 2146 1522 illi,
2204 1466 2281 1510 ex
2327 1443 2555 1529 quibus

343 1551 682 1634 compositi
726 1557 894 1626 sunt,
936 1547 1147 1613 album
1192 1547 1340 1614 dico
1388 1560 1456 1613 et
1496 1552 1746 1637 nigrum
1793 1549 2096 1614 colorem.
2179 1546 2555 1612 Aristoteles

342 1651 496 1716 licet
539 1650 619 1716 ab
665 1653 850 1716 initio
898 1655 1229 1736 optionem
1274 1652 1401 1731 det,
1445 1663 1650 1717 utrum
1698 1653 2020 1740 praeferre
2064 1650 2276 1730 malis,
2322 1649 2556 1715 deinde

342 1766 556 1821 tamen
588 1755 702 1821 ubi
732 1754 909 1820 dicit:
956 1749 1060 1821 διὸ
1105 1752 1176 1833 ἐξ
1219 1745 1311 1820 ὧν
1354 1757 1535 1822 ἐστὶν
1579 1753 1951 1834 ἀντίκειται,
1997 1777 2078 1821 eo
2127 1757 2341 1841 potius
2377 1752 2556 1818 incli-

342 1869 484 1938 nat,
542 1869 616 1924 ut
658 1868 1002 1939 extremos,
1058 1881 1243 1946 quam
1296 1869 1369 1923 ut
1411 1861 1659 1926 medios
1705 1861 1963 1926 colores
2008 1861 2345 1946 oppositos
2391 1862 2557 1922 inter

344 1983 416 2028 se
458 1983 596 2026 esse
643 1960 828 2027 dicat.
1797 1959 1806 1970 '
1871 1946 1883 1958 ⁵

478 2066 931 2152 oppositionis
962 2086 1203 2153 genera
1235 2065 1615 2133 Aristoteles
1659 2089 1856 2154 saepe
1899 2066 2048 2133 alibi
2091 2075 2557 2141 commemorat,

346 2168 461 2235 sed
506 2169 871 2256 ubicunque
904 2189 1123 2235 eorum
1157 2172 1550 2235 mentionem
1579 2170 1745 2250 facit,
1790 2182 2066 2257 quatuor
2095 2180 2419 2235 enumerat
2447 2185 2557 2255 ge-

345 2293 520 2352 nera,
563 2270 942 2363 ἀντίφασιν,
986 2271 1328 2352 τάναντία,
1372 2267 1457 2340 τὰ
1486 2270 1653 2360 πρός
1680 2298 1760 2353 τι,
1806 2279 2110 2357 στέρησιν
2145 2276 2254 2339 καὶ
2295 2270 2443 2351 ἕξιν,
2482 2291 2559 2333 ac

347 2385 449 2441 tot
490 2397 635 2441 esse
663 2397 902 2464 genera
933 2387 1244 2462 tamquam
1285 2389 1525 2443 certum
1569 2390 1634 2443 et
1670 2378 2060 2463 exploratum
2101 2383 2286 2463 ponit
2322 2377 2560 2462 pariter

345 2503 422 2545 ac
466 2502 792 2546 causarum
838 2479 945 2546 vel
988 2485 1451 2569 categoriarum
1489 2504 1836 2560 numerum,
1881 2481 1960 2546 cf.
1995 2481 2137 2547 Cat.
2172 2481 2275 2544 10.
2312 2481 2425 2543 11⁶
2453 2479 2555 2543 17.

349 2586 517 2671 Top.
541 2586 600 2649 11
628 2588 692 2650 2.
724 2586 884 2650 109⁶
912 2587 1015 2650 17.
1068 2589 1131 2651 8.
1171 2590 1329 2652 113⁶
1360 2591 1439 2652 15
1471 2608 1608 2672 sqq.
1656 2588 1721 2648 V
1751 2589 1813 2650 6.
1864 2586 2021 2649 Met.
2046 2585 2095 2647 I
2118 2588 2177 2648 4.
2216 2585 2425 2647 1055α
2449 2583 2556 2647 38.

348 2690 473 2752 Per
517 2687 647 2754 duo
695 2687 806 2753 illa
851 2710 1109 2777 genera,
1154 2711 1317 2775 quae
1358 2688 1662 2755 hocloco
1699 2687 1890 2765 addit,
1935 2708 2008 2751 re
2035 2708 2184 2751 vera
2217 2685 2372 2749 nihil
2405 2687 2559 2749 novi

346 2791 539 2857 adiici
596 2790 784 2857 facile
840 2802 1134 2879 apparet3
1193 2797 1478 2878 quintum
1535 2796 1699 2857 enim
1747 2812 1951 2878 genus
1995 2789 2100 2854 vel
2148 2788 2228 2853 ad
2271 2785 2558 2875 ἀντίφα-

346 2915 455 2960 σιν
499 2896 607 2960 vel
652 2895 733 2961 ad
776 2899 1083 2981 στέρησιν
1125 2899 1236 2961 καὶ
1282 2894 1443 2975 ἕξιν,
1501 2905 1744 2960 sextum
1798 2893 1880 2958 ad
1926 2897 2229 2980 στέρησιν
2274 2894 2384 2957 καὶ
2429 2891 2560 2972 ἕξιν

346 2998 455 3062 vel
501 2997 582 3064 ad
626 2997 949 3065 τάναντία
993 3003 1283 3064 revocari
1329 3010 1563 3086 potest.
1655 3002 1874 3084 ltaque
1918 3001 2264 3082 quaeritur,
2320 2998 2428 3082 qui
2472 2995 2561 3060 fa-

351 3111 515 3167 ctum
577 3106 658 3166 sit
714 3113 786 3167 ut
831 3102 1208 3167 Aristoteles
1262 3124 1297 3167 a
1343 3103 1596 3167 solenni
1645 3114 1710 3167 et
1754 3105 2070 3166 constanti
2116 3103 2558 3187 oppositorum

351 3226 619 3270 numero
650 3205 755 3269 hic
785 3204 1161 3270 discederet.
1233 3205 1488 3291 Quodsi
1519 3210 1660 3292 quis
1693 3205 1877 3283 dicat,
1909 3207 2267 3268 constitisse
2308 3202 2558 3287 quidem

353 3308 686 3374 Aristoteli
745 3331 936 3395 quum
987 3309 1147 3374 haec
1188 3309 1496 3374 scriberet
1539 3309 1707 3374 haud
1754 3330 1935 3373 secus
1983 3307 2063 3372 de
2110 3306 2559 3393 quadripartita

350 3415 781 3499 oppositionis
827 3411 1255 3489 distinctione,
1301 3412 1416 3477 sed
1461 3423 1745 3478 secutum
1792 3434 1951 3490 eum,
1997 3434 2159 3497 quae
2199 3412 2383 3475 huius
2412 3408 2562 3474 libri

328 3520 518 3581 ’ratio
567 3527 678 3592 est,
723 3515 978 3581 dicendi
1024 3518 1238 3602 potius
1283 3538 1462 3581 usum
1510 3538 1694 3602 quam
1733 3519 2069 3580 notionum
2110 3526 2411 3593 naturam,
2457 3513 2562 3577 ad-

353 3619 593 3685 didisse
637 3642 800 3705 quae
844 3619 1096 3707 vulgari
1135 3625 1203 3684 in
1239 3643 1358 3685 usu
1396 3620 1702 3707 distingui
1733 3619 2125 3685 viderentur:
2172 3620 2462 3706 profecto
2501 3628 2565 3682 et

355 3722 637 3788 debebat
690 3722 968 3787 adiicere
1027 3733 1092 3787 et
1143 3745 1300 3788 vero
1362 3728 1548 3788 etiam
1609 3724 1971 3803 adiecisset,
2030 3722 2353 3808 quomodo
2408 3723 2566 3785 haec

355 3848 591 3914 genera
634 3826 717 3890 ad
762 3830 1096 3913 superiora
1139 3841 1543 3894 revocentur.
1620 3828 1818 3913 Quod
1865 3840 2071 3893 autem
2103 3829 2429 3891 Waitzius
2471 3824 2565 3889 di-

358 3934 443 3996 cit
486 3932 648 4018 Org.
691 3930 738 3994 1.
786 3952 850 4016 p.
882 3930 1043 3996 308:
1112 3932 1344 4017 «Quae
1389 3932 1612 3997 ultimo
1659 3932 1808 3997 loco
1856 3934 2208 3999 nominavit
2251 3951 2385 3995 non
2431 3929 2562 3994 duo

301 4020 508 4121 ρ..ειιιιι
551 4037 997 4120 oppositorum
1041 4056 1278 4122 genera
1326 4056 1362 4098 a
1409 4045 1709 4120 quattuor
1751 4038 2128 4123 generibus,
2172 4057 2333 4121 quae
2378 4043 2563 4099 antea

358 4140 891 4216 commemoravit,
937 4138 1209 4219 diversa,
1250 4138 1367 4203 sed
1410 4142 1595 4226 signa
1639 4148 1789 4203 sunt
1824 4139 1928 4203 vel
1967 4150 2178 4218 notae,
2227 4161 2300 4204 ex
2337 4138 2566 4223 quibus

358 4244 671 4328 cognosci
713 4245 966 4328 possint
1009 4265 1173 4328 quae
1202 4246 1330 4308 sint
1360 4245 1721 4329 opposita‚·›
1764 4254 1954 4308 acute
1979 4242 2091 4307 ille
2121 4241 2374 4328 quidem
2404 4243 2567 4305 hanc

340 4342 847 4433 ¹discrepantiam
907 4347 1221 4434 explicare
1280 4347 1549 4427 studuit,
1606 4346 1721 4412 sed
1779 4368 1988 4432 neque
2043 4349 2110 4409 in
2159 4345 2369 4410 verbis
2411 4345 2566 4428 ipsis
