3043 4973
1165 248 1213 316 Ι
1252 243 1322 317 5.
1406 243 1676 320 1056a.
2379 247 2529 324 437

315 420 618 505 στέρησις
661 418 731 484 δὲ
773 414 843 497 ἐξ
886 413 1208 503 ἀνάγκης,
1267 421 1329 486 h.
1370 442 1428 485 e.
1484 424 1720 508 parites
1775 443 1910 492 non
1973 443 2047 490 ea
2110 435 2207 492 est
2262 425 2525 513 negatio

311 525 526 609 magni
575 532 639 587 et
683 524 865 607 parvi
910 523 1095 603 (nam
1140 519 1502 611 στερήσεως
1546 548 1782 594 nomen
1825 527 1890 593 h.
1932 525 1973 592 l.
2023 538 2244 615 aperte
2289 527 2524 596 latiore

311 625 428 691 ino
474 647 666 690 sensu
709 633 1077 711 usurpatum
1126 635 1238 706 est,
1284 627 1366 692 de
1410 650 1539 714 quo
1587 631 1667 696 cf.
1715 630 1795 696 ad
1835 632 1890 697 A
1926 633 2033 696 22.
2076 632 2282 700 low
2304 632 2409 710 22,
2456 640 2526 700 ut

309 727 477 794 idem
523 730 658 794 fere
703 733 787 794 sit
830 740 1018 815 atque
1064 725 1425 821 ἀπόφασις,
1471 732 1551 795 cf.
1598 732 1776 799 Alex.
1825 733 1906 798 ad
1950 733 2014 797 h.
2050 732 2162 816 l.),
2208 756 2370 822 quae
2414 756 2525 800 ne-

311 836 585 898 cessario
645 835 843 899 cuivis
902 836 1237 921 contingat
1288 837 1382 898 rei
1441 857 1604 920 quae
1657 858 1867 923 neque
1911 858 2138 926 magna
2187 841 2268 903 sit
2311 858 2522 925 neque

309 959 522 1024 parva,
567 934 645 1002 οὐ
688 930 818 1024 γάρ
862 937 999 1002 πᾶν
1044 934 1191 1002 ἰ’σον
1237 933 1295 1002 δ’
1318 933 1412 1023 μὴ
1455 939 1680 1024 μεῖζον
1715 934 1760 1021 ἢ
1795 943 2085 1021 ἔλαττον,
2130 938 2279 1006 ἀλλ’
2312 946 2384 1007 ὲν
2420 938 2523 1019 οἷς

307 1041 592 1128 πέφυκεν
627 1044 856 1117 ἐκεῖνα,
894 1041 1048 1118 ⁶20,
1093 1043 1130 1104 i.
1162 1062 1222 1105 e.
1263 1045 1335 1106 ἐν
1368 1052 1508 1119 τοῖς
1544 1044 1857 1122 δεκτικοῖς
1891 1045 2012 1125 (οἱ.
2045 1044 2125 1110 ad
2158 1045 2366 1110 1022&
2386 1046 2518 1128 24)

308 1146 445 1209 sive
490 1148 560 1209 ἐν
604 1151 744 1220 τοῖς
786 1154 1038 1221 ποσοῖς.

439 1246 770 1314 Eiusmodi
837 1243 1334 1339 συναποφάσεις
1399 1252 1773 1338 στερητικαὶ
1838 1254 1970 1320 τῶν
2043 1249 2516 1336 ἀντικειμένων,

308 1372 471 1438 quae
511 1354 679 1415 inter
722 1361 1057 1437 utrumque
1103 1355 1486 1420 contrarium
1534 1353 1782 1422 mediae
1831 1355 2264 1435 intercedunt,
2326 1358 2514 1424 etiam

305 1459 474 1522 inter
528 1454 653 1520 alia
706 1457 1119 1524 inveniuntur
1176 1461 1523 1535 contraria,
1579 1457 1776 1526 veluti
1835 1463 2002 1526 inter
2057 1458 2268 1527 album
2317 1470 2382 1524 et
2424 1461 2515 1528 nie

305 1577 485 1647 grum
546 1557 829 1626 colorem
886 1557 1081 1626 medii
1134 1570 1283 1628 sunt
1325 1560 1582 1626 colores
1628 1566 1734 1647 qui
1780 1585 1990 1649 neque
2031 1572 2185 1630 sunt
2229 1561 2360 1628 albi
2404 1584 2514 1636 ne,

305 1684 429 1748 qne
472 1666 664 1750 nigri,
721 1665 886 1730 inter
942 1662 1186 1728 bonum
1244 1672 1310 1729 et
1353 1664 1585 1730 malum
1631 1666 1699 1731 id
1743 1666 1916 1752 quod
1962 1688 2084 1734 nec
2125 1667 2369 1733 bonum
2415 1676 2514 1736 est

304 1789 425 1832 nec
466 1767 726 1842 malum3
788 1765 1002 1831 differt
1048 1777 1254 1832 autem
1300 1767 1380 1832 ab
1426 1769 1525 1833 his
1569 1772 1858 1855 paritatis
1903 1775 2119 1848 notio,
2173 1770 2349 1857 quod
2394 1791 2512 1856 pat

304 1885 497 1938 unu'm
543 1880 643 1937 est
683 1873 849 1938 inter
892 1894 1188 1960 magnum
1232 1882 1299 1937 et
1343 1895 1626 1959 parvum,
1674 1873 1930 1940 colores
1973 1874 2211 1961 plures,
2261 1873 2510 1942 definiti

302 1974 398 2039 illi
442 1974 691 2061 quidem
737 1997 1035 2053 numero,
1091 1979 1262 2045 inter
1305 1976 1515 2042 album
1566 1987 1632 2042 et
1675 1982 1952 2066 nigrum,
2012 1976 2289 2064 denique
2333 1976 2509 2063 quod
2551 2037 2560 2053 ,

301 2078 573 2144 medium
622 2080 959 2145 intercedit
999 2084 1167 2148 inter
1211 2081 1453 2148 bonum
1499 2093 1567 2149 et
1609 2081 1856 2160 malum,
1901 2079 1969 2146 id
2011 2080 2279 2167 perinde
2316 2090 2509 2167 atque

299 2186 503 2270 ipsum
552 2182 789 2248 bonum
836 2194 904 2248 et
945 2184 1175 2251 malum
1220 2189 1287 2251 in
1335 2186 1629 2252 omnibus
1676 2188 1955 2253 cernitur
1997 2187 2368 2273 categoriiS,
2425 2184 2506 2252 cf.

302 2287 385 2352 ad
429 2289 490 2352 4.
532 2289 735 2354 1o55b
758 2289 864 2353 25.
938 2289 1411 2379 Distingwenda
1456 2301 1664 2355 autem
1710 2290 1916 2377 probe
1959 2289 2119 2354 haec
2164 2298 2261 2354 est
2306 2308 2507 2356 συνα-

298 2387 611 2481 πόφασις,
656 2413 818 2477 quae
864 2392 1067 2458 media
1109 2404 1205 2460 est
1235 2398 1403 2459 inter
1438 2393 1569 2460 duo
1609 2396 1929 2480 opposita,
1972 2414 2007 2460 a
2038 2392 2321 2479 simplice
2347 2413 2506 2460 συν-

300 2491 672 2586 αποφάσει,
723 2500 762 2560 i.
798 2518 850 2560 e.
898 2519 933 2561 a
980 2501 1319 2567 coniuncta
1365 2497 1628 2566 duarum
1676 2497 2101 2585 quarumlibet
2141 2519 2351 2567 rerum
2397 2516 2506 2561 ne-

300 2605 591 2690 gatione;
637 2598 833 2664 veluti
873 2603 926 2665 si
963 2604 1064 2666 cui
1098 2601 1315 2667 dicere
1363 2601 1620 2667 libuerit
1661 2597 1737 2668 τὸ
1781 2596 1944 2688 μήτε
1986 2597 2300 2684 ὑπόδημα
2337 2594 2506 2683 μήτε

293 2708 469 2790 χείρ,
525 2704 685 2771 haec
741 2702 991 2787 quidem
1049 2700 1512 2792 συναπόφασις
1567 2725 1703 2770 non
1762 2715 1859 2771 est
1912 2704 2117 2771 media
2169 2707 2336 2772 inter
2380 2701 2507 2767 cal-

302 2831 479 2874 ceum
530 2817 593 2871 et
636 2828 903 2873 manum.
997 2809 1247 2873 Etenim
1307 2807 1747 2875 intermedium
1801 2829 1934 2874 non
1979 2811 2328 2886 invenitur,
2381 2809 2506 2875 nisi

301 2913 412 2978 uhi
442 2911 521 2975 ab
551 2910 773 2988 altero,
819 2910 992 2995 quod
1030 2924 1317 3000 negatur,
1363 2911 1445 2981 ad
1476 2913 1740 2981 alterum
1770 2915 2139 2980 mutationis
2171 2922 2283 2991 est,
2327 2912 2506 2997 quasi

300 3015 538 3094 lineae,
580 3004 999 3094 continuitaS,
1042 3019 1257 3101 itaque
1299 3020 1365 3083 in
1408 3021 1487 3085 iis
1531 3022 1718 3083 unice
1761 3018 1969 3097 rebu8‚
2013 3040 2176 3104 quae
2221 3012 2502 3084 eiusdem

298 3131 450 3185 sunt
494 3122 748 3207 generis
794 3129 860 3184 et
905 3122 1263 3185 contrariae
1298 3125 1464 3189 inter
1498 3144 1569 3186 se
1601 3134 1914 3189 extremos
1942 3123 2309 3188 mutationis
2337 3118 2504 3185 fines

300 3228 713 3289 constituunt.
762 3261 844 3275 -
904 3224 1047 3288 Hoc
1106 3228 1393 3289 extremis
1444 3224 1598 3289 dicit
1642 3229 1864 3312 capitis
1908 3226 2122 3292 verbis
2166 3224 2327 3291 «1342
2385 3219 2504 3289 οὐκ

301 3325 556 3412 ἀνάγκη
604 3321 671 3393 δὲ
716 3327 879 3405 κτλ.,
939 3348 1099 3413 quae
1152 3329 1320 3393 bunc
1372 3332 1441 3393 in
1483 3328 1746 3395 modum
1787 3328 2088 3397 videntur
2130 3325 2504 3415 explicanda

302 3454 470 3497 esse:
516 3428 639 3498 οὐκ
681 3426 936 3514 ἀνάγκη
983 3431 1051 3497 δὲ
1093 3432 1289 3498 τοῦτο
1338 3432 1723 3516 συμβαίνειν
1763 3436 1919 3512 (int.
1961 3430 2079 3501 οὐκ
2121 3428 2377 3518 ἀνάγκη
2421 3423 2500 3497 τὰ

300 3530 985 3624 συναποφασκόμενον
1027 3535 1212 3600 δυοῖν
1254 3530 1501 3619 μεταξὺ
1546 3533 1711 3607 εἶναι
1748 3533 2201 3627 ἀμφοτέρων).
2268 3534 2312 3617 ἡ
2356 3536 2502 3621 μὲν

298 3635 427 3725 γὰρ
473 3635 936 3726 συναπόφασις
979 3641 1308 3720 (nimirum
1350 3638 1395 3719 ἡ
1441 3636 1905 3728 συναπόφασις
1948 3644 2068 3708 τοῦ
2099 3637 2263 3727 μήτε
2298 3635 2504 3724 μεγά·

296 3745 420 3809 λου
463 3739 625 3828 μήτε
670 3741 907 3825 μικροῦ
950 3744 1062 3807 καὶ
1106 3746 1222 3809 τοῦ
1265 3739 1429 3827 μήτε
1465 3741 1747 3826 ἀγαθοῦ
1780 3741 1943 3830 μήτε
1977 3746 2184 3811 κακοῦ
2219 3745 2333 3810 καὶ
2370 3736 2501 3810 ὅσα

294 3848 617 3928 τοιαῦτα)
664 3846 802 3911 ἐστὶ
846 3841 1308 3938 συναπόφασις
1340 3844 1813 3931 ἀντικειμένων,
1858 3839 1949 3913 ὧν
1983 3842 2122 3914 ἔστι
2155 3843 2402 3934 μεταξύ
2437 3870 2501 3912 τι

303 3952 415 4016 καὶ
461 3943 796 4033 διάστημά
840 3972 902 4014 τι
945 3952 1230 4038 πέφυκεν
1275 3946 1469 4015 εἶναι’
1517 3953 1669 4018 τῶν
1715 3948 1773 4016 δῖ
1811 3955 1962 4033 (int.
1999 3946 2145 4018 οἷον
2188 3951 2310 4018 τοῦ
2335 3948 2502 4017 ὑπο·

302 4048 596 4136 δήματος
637 4055 750 4118 καὶ
793 4054 913 4132 τῆς
949 4048 1206 4140 χειρός)
1253 4050 1373 4119 οὐκ
1412 4055 1552 4121 ἔστι
1584 4050 1880 4144 διαφορά
1922 4054 2041 4136 (cf.
2071 4057 2134 4122 3.
2170 4056 2498 4122 1054ῠ23.

301 4159 496 4245 igitur
537 4178 660 4223 nec
696 4151 940 4241 μεταξύ
976 4180 1038 4222 τι
1077 4178 1199 4223 nec
1234 4151 1641 4244 διάστημα)·
1686 4163 1757 4224 ὲν
1785 4152 1964 4244 ἄλλῳ
1990 4154 2122 4247 γὰρ
2145 4162 2316 4245 γένει
2345 4162 2496 4243 (int.

300 4262 480 4327 ἐστὶν
536 4256 679 4327 οἷον
737 4254 814 4326 τὸ
869 4256 1179 4348 ὑπόδημα
1236 4263 1349 4328 καὶ
1394 4259 1436 4340 ἡ
1474 4264 1657 4350 χείρ)
1715 4254 1805 4329 ὦν
1860 4267 1934 4329 αἱ
1989 4258 2501 4351 συναποφάσεις,

304 4359 456 4430 ὥστ’
498 4360 617 4449 οὐχ
658 4364 728 4431 ἓν
774 4357 850 4429 τὸ
906 4361 1333 4453 ὑποκείμενον
1389 4367 1513 4449 (cf.
1558 4362 1980 4455 ἀσύμβλητα,
2035 4370 2354 4451 4105&
2396 4369 2496 4449 7).
