3043 4973
1174 235 1250 306 Γ
1287 233 1358 307 4.
1441 234 1631 320 1006
1644 260 1712 311 a.
2403 239 2548 317 189

336 411 507 476 niam
566 429 703 475 non
760 417 860 475 est
914 407 1040 474 alia
1095 413 1462 499 propositio
1519 412 1641 477 hac
1697 411 1914 494 altior,
1970 414 2113 481 fieri
2153 437 2290 483 non
2334 427 2550 505 potest

336 518 494 601 quin
534 512 607 579 id
648 516 854 601 ipsum
896 534 1020 600 pro
1059 514 1477 582 fundamento
1518 516 1947 584 concludendi
1984 531 2189 606 ponat
2226 531 2290 587 et
2327 522 2405 588 ab
2442 524 2550 588 ad-

335 620 622 683 versario
683 616 953 683 concedi
1006 619 1320 705 postulet,
1376 617 1551 706 quod
1608 620 1688 686 ab
1744 624 1928 688 initio
1986 623 2069 688 ad
2114 624 2549 692 demonstran-

336 722 487 789 dum
536 732 672 788 erat
715 726 1115 810 propositum
1160 728 1190 804 (
1202 725 1548 789 αἰτεῖσθαι
1589 717 1667 789 τὸ
1713 729 1783 790 ὲν
1827 724 1995 818 ἀρχῇ
2030 731 2182 808 a17,
2228 732 2339 795 int.
2381 753 2547 817 προ-

333 828 650 911 κείμενον,
697 827 774 891 cf.
824 830 879 892 Τ
883 826 1126 893 rendel.
1175 827 1275 892 El.
1321 826 1378 911 §.
1410 828 1496 892 42
1512 831 1559 908 ).
1652 828 1785 914 Qui
1827 850 1984 895 vero
2030 831 2308 897 refutare
2353 832 2546 898 alium

336 934 632 1019 suscipit,
688 934 937 1000 initium
994 934 1164 1019 capit
1219 931 1299 996 ab
1353 933 1432 996 iis
1478 932 2056 1018 propositionibuS,
2119 957 2281 1021 quae
2325 936 2549 1003 adver-

336 1038 539 1100 sarius
595 1033 804 1099 libens
860 1033 1089 1100 volens
1147 1035 1471 1115 concedit,
1532 1046 1598 1101 et
1652 1034 1760 1100 vel
1811 1038 2023 1102 inesse
2067 1039 2134 1104 in
2177 1040 2273 1104 his
2317 1040 2424 1105 vel
2472 1064 2549 1107 ex

335 1139 434 1203 his
479 1142 786 1225 consequi
827 1137 913 1218 id,
959 1138 1135 1224 quod
1171 1148 1306 1205 erat
1344 1138 1922 1224 demonstrandum,
1969 1144 2377 1230 comprobat;
2423 1167 2545 1233 qua

333 1245 403 1307 in
448 1245 1000 1332 argumentatione
1046 1246 1104 1307 si
1147 1254 1314 1308 tecte
1357 1242 1427 1308 id
1468 1247 1676 1332 ipsum
1721 1265 1843 1331 pro
1887 1244 2303 1314 fundamento
2345 1253 2545 1337 ponit,

337 1346 511 1433 quod
547 1357 646 1412 est
681 1344 1242 1433 comprobandum,
1285 1368 1421 1414 non
1462 1352 1588 1434 ipsi
1626 1359 1843 1436 potest
1879 1348 2074 1414 obiici
2111 1354 2339 1437 petitio
2377 1357 2547 1440 prin-

338 1453 517 1538 cipii,
559 1450 676 1517 sed
716 1454 936 1541 potius
984 1450 1379 1517 adversarius
1427 1456 1561 1518 eius
1606 1455 1936 1540 petitionis
1981 1457 2274 1542 principii
2319 1468 2546 1522 auctor

335 1566 436 1621 est
478 1550 727 1639 (ἄλλου
773 1557 841 1622 δὲ
886 1557 1007 1622 τοῦ
1047 1552 1351 1621 τοιούτου
1395 1559 1611 1624 αἰτίου
1655 1552 1846 1635 ὄντος
1881 1561 2033 1636 α18,
2079 1562 2198 1625 τοῦ
2242 1556 2544 1626 τοιούτου

332 1662 375 1725 i.
408 1681 463 1724 e.
511 1661 631 1726 τοῦ
673 1661 891 1726 δοκεῖν
935 1661 1281 1725 αἰτεῖσθαι
1321 1653 1399 1725 τὸ
1445 1664 1518 1725 ἐν
1561 1657 1757 1751 ἀρχῇ,
1803 1661 1881 1725 cf.
1920 1664 2114 1744 ⁶125).
2204 1665 2416 1750 Atque
2460 1663 2543 1728 ad

334 1763 709 1829 refutandos
763 1764 1143 1831 infitiatores
1201 1767 1499 1851 principii
1558 1764 2087 1832 contradictionis
2132 1768 2292 1833 nihil
2336 1769 2544 1855 requi-

331 1873 496 1936 ritur
549 1868 753 1961 aliud,
808 1872 930 1934 nisi
995 1869 1064 1933 id
1121 1867 1296 1956 quod
1356 1867 1782 1950 adversarius,
1840 1892 2030 1956 quum
2089 1869 2399 1958 disputat,
2460 1893 2542 1939 eo

333 1976 481 2061 ipso
541 1972 718 2061 quod
778 1973 1057 2061 disputat
1101 1971 1447 2057 (ὑπομένει
1487 1969 1690 2057 λόγον
1727 1975 1904 2057 1126)
1951 1975 2274 2054 concedit,
2333 1997 2404 2040 se
2449 1976 2544 2041 di-

336 2076 546 2144 cendo
593 2076 832 2164 aliquid
869 2077 1252 2168 significare.
1319 2076 1650 2160 (Proxima
1685 2078 1881 2144 verba
1918 2081 2055 2145 1126
2100 2081 2194 2145 ἔτι
2237 2080 2306 2146 δὲ
2338 2118 2421 2129 -
2453 2082 2542 2147 28

334 2177 540 2259 οὕτως
595 2183 730 2269 ἔχοι
782 2184 1030 2248 uncinis
1081 2181 1341 2261 inclusi,
1399 2185 1547 2269 quia
1592 2192 1659 2247 et
1701 2205 1819 2269 per
1860 2186 2297 2250 auctoritatem
2343 2184 2543 2251 libro-

332 2309 470 2352 rum
504 2289 1072 2374 manuscriptorum
1109 2296 1175 2351 et
1206 2297 1474 2373 propter
1505 2308 1727 2354 eorum
1760 2290 2135 2354 sententiam
2169 2292 2384 2376 gravis
2419 2292 2543 2354 ori-

332 2400 438 2456 tur
473 2389 804 2456 dubitatio,
872 2390 1053 2456 Libri
1100 2393 1263 2456 enim
1310 2412 1532 2456 omnes
1578 2395 1876 2458 omittunt
1915 2392 2075 2460 haec
2116 2393 2314 2458 verba
2359 2414 2542 2479 prae-

333 2504 433 2563 ter
465 2493 555 2559 Ab
594 2507 658 2560 et
692 2497 805 2575 Fb,
853 2518 929 2561 ex
973 2496 1202 2583 quibus
1247 2496 1358 2561 ille
1401 2509 1700 2583 quantam
1746 2501 2027 2584 requirat
2067 2500 2425 2563 cautionem
2470 2501 2539 2564 in

332 2599 783 2665 constituendo
828 2610 1002 2666 textu
1046 2600 1176 2666 dixi
1219 2604 1287 2666 in
1332 2600 1486 2666 Vol.
1534 2602 1582 2666 Ι.
1627 2626 1691 2688 p.
1722 2603 1865 2680 XV,
1921 2602 2108 2666 huius
2164 2612 2373 2667 autem
2432 2624 2540 2668 au-

334 2706 596 2768 ctoritas
641 2714 982 2792 propterea
1028 2703 1221 2769 dubia
1258 2713 1370 2784 est,
1418 2702 1595 2791 qnod
1629 2709 1696 2770 in
1727 2707 1872 2792 ipso
1905 2707 2357 2771 commentario
2389 2704 2540 2771 Ale-

330 2794 570 2875 xander
611 2809 770 2873 haec
810 2806 1010 2873 verba
1053 2831 1190 2874 non
1232 2808 1486 2875 videtur
1521 2812 1860 2896 respicere,
1903 2809 2055 2874 licet
2089 2830 2209 2896 pro
2245 2809 2537 2887 lemmate

332 2918 558 3000 posita.
633 2912 889 2977 Deinde
935 2915 991 2977 si
1034 2916 1410 2989 sententiam
1455 2913 1798 2979 verborum
1844 2924 2217 3000 spectamus,
2263 2913 2539 2979 offendi-

329 3040 467 3083 mus
511 3020 581 3083 in
622 3016 837 3082 verbis
882 3011 1045 3083 ὥστε
1090 3014 1208 3084 οὐκ
1253 3056 1334 3069 -
1384 3019 1518 3105 ἔχοι
1560 3022 1725 3083 intra
1769 3039 2004 3104 paucas
2050 3018 2252 3084 lineas
2295 3022 2536 3086 iteratis

330 3124 485 3201 1128,
512 3123 626 3198 30;
678 3132 745 3187 et
786 3143 859 3186 ea
906 3143 1069 3208 quae
1116 3122 1504 3189 antecedunt
1548 3124 1641 3188 ἔτι
1684 3124 1753 3188 δὲ
1793 3160 1874 3174 -
1916 3119 2308 3201 ἀποδείξεως
2342 3127 2539 3188 inter-

329 3235 630 3313 rumpunt
672 3229 904 3314 potius,
950 3247 1136 3313 quam
1180 3227 1487 3293 adiuvant
1528 3228 1981 3291 sententiarum
2025 3248 2281 3303 nexum3
2326 3248 2537 3314 neque

336 3333 501 3397 enim
544 3353 623 3397 eo
669 3335 1007 3418 pertinent,
1058 3342 1132 3396 ut
1172 3342 1479 3419 appareat
1525 3329 1851 3418 quomodo
1896 3333 1992 3396 his
2038 3334 2359 3397 concessis
2404 3330 2537 3397 adi-

329 3445 517 3523 gatur
559 3440 867 3523 quispiam
912 3434 993 3500 ad
1040 3433 1525 3502 concedendum
1562 3438 1766 3522 ipsum
1806 3435 2328 3501 contradictionis
2364 3440 2537 3523 prin-

332 3543 580 3627 cipium,
623 3538 741 3605 sed
784 3540 1150 3629 significant
1192 3539 1604 3609 infitiatorem
1649 3561 1792 3605 eum
1835 3542 2162 3627 principii,
2207 3543 2315 3626 qui
2359 3540 2534 3621 illud,

329 3665 400 3709 se
445 3643 719 3709 dicendo
765 3644 1128 3733 significare
1174 3644 1438 3730 aliquid,
1499 3647 1762 3710 omnino
1808 3647 1945 3710 sine
1991 3644 2535 3713 demonstratione

331 3751 750 3828 concesserit,
792 3770 930 3814 non
972 3771 1169 3835 posse
1214 3769 1334 3814 suo
1378 3751 1517 3814 iure
1560 3752 1760 3835 ipsius
1805 3751 2100 3835 principii
2144 3748 2535 3814 demonstra-

329 3855 568 3917 tionem
590 3852 999 3942 ‘postulare.)
1088 3854 1218 3918 Iam
1262 3852 1418 3933 hoc,
1476 3853 1650 3939 quod
1695 3874 1815 3940 pro
1862 3873 2170 3918 concesso
2217 3855 2410 3918 sumit
2453 3853 2533 3918 ab

330 3955 715 4037 adversario,
759 3957 1121 4046 significare
1165 3956 1404 4044 aliquid
1439 3980 1584 4039 eum
1620 3961 1728 4045 qui
1765 3958 2061 4044 disputat,
2104 3955 2399 4022 subtilius
2433 3980 2535 4023 ex-

328 4060 550 4148 plicat,
607 4083 684 4126 ac
738 4066 1004 4149 primum
1063 4059 1315 4148 quidem
1359 4060 1519 4127 illud
1564 4064 1857 4140 verbum,
1914 4059 2089 4146 quod
2133 4082 2251 4148 pro
2299 4061 2533 4148 copula

327 4163 595 4230 subiecti
654 4175 719 4230 et
769 4165 1116 4252 praedicati
1171 4168 1449 4253 positum
1491 4169 1692 4253 ipsam
1739 4169 2026 4257 cqntinet
2070 4167 2532 4235 enunciafionis

324 4270 467 4349 vim,
512 4266 697 4349 εἶναι,
740 4270 1101 4359 significare
1146 4280 1385 4336 certum
1430 4270 1671 4358 aliquid
1715 4270 1882 4349 dicit,
1936 4291 2064 4355 quo
2112 4269 2535 4356 distinguatur

325 4373 405 4438 ab
452 4376 762 4461 opposito
806 4368 900 4461 μὴ
946 4368 1134 4454 εἶναι,
1176 4376 1532 4457 ‹ms—31,
1577 4370 1681 4442 ὅτι
1723 4375 2029 4459 σημαίνει
2070 4367 2147 4439 τὸ
2194 4365 2411 4456 ὄνομα
2452 4362 2530 4437 τὸ
