3043 4973
512 171 653 286 186
1342 212 1419 283 Γ
1454 211 1525 286 3.
1609 208 1881 285 100511.

511 409 791 455 errorem
835 409 970 453 non
1015 386 1304 467 admittit,
1349 386 1465 453 sed
1509 381 1802 472 μάλιστα
1846 385 2156 474 γνωρίζει,
2205 389 2570 454 necessario
2611 387 2723 453 ha-

507 493 622 558 bet
665 485 877 579 ἀρχὴν
920 487 1450 577 γνωριμωτάτην.
1540 492 1685 557 Ηοο
1742 502 2006 578 apparet
2063 494 2457 577 comparanti
2511 493 2721 578 hypo-

510 598 705 662 thesis
749 599 1081 661 notionem
1127 594 1630 672 Aristotelicam3
1678 605 1776 660 est
1818 598 1986 660 enim
2031 594 2412 681 hypothesis
2459 616 2533 660 ea
2569 617 2723 683 pro-

506 702 745 788 positio
808 700 889 765 ad
946 698 1505 764 demonstrandum
1551 699 1863 778 adhibita,
1922 720 2085 786 quae
2131 719 2322 784 quum
2363 703 2569 786 possit
2611 700 2724 766 de-

506 808 846 870 monstrari
890 826 1028 888 non
1074 802 1574 884 demonstratur,
1632 812 1699 868 et
1741 804 2100 869 necessaria
2145 823 2280 869 non
2326 814 2424 869 est
2469 807 2557 882 ei,
2614 807 2721 890 qui

507 931 640 974 rem
700 920 798 974 est
857 911 1227 996 cogniturus
1284 908 1406 989 (cf.
1452 910 1575 974 An.
1619 916 1787 995 post.
1832 910 1862 973 I
1908 909 1970 972 2.
2016 909 2138 972 72⁴1
2184 908 2296 972 13:
2357 906 2609 995 ἀμέσου
2652 906 2712 975 δ’

508 1009 717 1099 ἀρχῆς
752 1014 1242 1096 συλλογιστικῆς
1279 1013 1480 1078 θέσιν
1510 1013 1632 1097 μὲν
1669 1014 1835 1098 λέγω
1873 1007 1958 1092 ἢν
1991 1005 2085 1096 μὴ
2122 1013 2258 1077 ἔστι
2295 1009 2517 1092 δεῖξαι,
2556 1009 2711 1097 μηδ’

510 1112 767 1200 ἀνάγκη
814 1118 977 1201 ἔχειν
1020 1109 1138 1181 τὸν
1181 1110 1673 1200 μαθησόμενον
1714 1137 1808 1183 τι·
1859 1111 1946 1196 ἢν
1990 1112 2049 1181 δ’
2092 1110 2349 1199 ἀνάγκη
2395 1118 2560 1204 ἔχειν
2602 1109 2721 1182 τὸν

491 1217 735 1307 ,ὁτιοῦν
763 1215 1253 1305 μαθησόμενον
1291 1216 1573 1306 ἀξίωμα.
1608 1257 1691 1271 -
1735 1222 1993 1296 θέσεως
2033 1216 2093 1284 δ’
2127 1215 2170 1299 ἡ
2207 1221 2329 1304 μὲν
2367 1217 2723 1309 ὁποτερον-

511 1326 632 1390 οὗν
674 1326 806 1389 τῶν
861 1327 1111 1408 μορίων
1168 1325 1289 1403 τῆς
1347 1319 1789 1413 ἀποφάνσεως
1845 1319 2311 1408 λαμβάνουσα,
2349 1321 2515 1389 ὀἷον
2557 1326 2721 1408 λέγω

510 1421 586 1493 τὸ
636 1424 804 1493 εἷναί
846 1451 909 1493 τι
957 1420 1000 1507 ἢ
1041 1421 1135 1511 μὴ
1182 1424 1351 1504 εἶναί
1382 1452 1461 1507 τι,
1505 1423 1850 1503 ὑπόθεσις.
1925 1429 1955 1492 I
1991 1430 2091 1492 10.
2128 1429 2241 1493 7δό
2266 1429 2381 1493 23:
2427 1424 2546 1493 οὐκ
2590 1430 2727 1493 ἔστι

514 1529 574 1596 δ’
613 1528 938 1609 ὑπόθεσις
974 1529 1114 1597 οὐδ’
1153 1529 1420 1616 αἴτημα,
1459 1526 1498 1598 ὃ
1539 1527 1792 1617 ἀνάγκη
1839 1527 2008 1597 εἶναι
2040 1529 2124 1597 δι’
2162 1525 2326 1598 αὑτὸ
2362 1533 2475 1598 καὶ
2511 1532 2727 1597 δοκεῖν

511 1631 787 1719 ἀνάγκη.
836 1674 916 1688 -—
981 1631 1113 1703 ὅσα
1168 1638 1288 1721 μὲν
1346 1625 1464 1702 οὖν
1523 1630 1746 1702 δεικτά
1802 1630 1968 1702 ὅντα
2016 1632 2346 1723 λαμβάνει
2388 1629 2589 1712 αὐτὸς
2630 1630 2725 1720 μὴ

513 1737 759 1819 δείξας,
814 1737 999 1806 ταῦτ’
1053 1736 1171 1805 ἐὰν
1224 1742 1345 1824 μὲν
1403 1741 1728 1807 δοκοῦντα
1784 1735 2093 1830 λαμβάνῃ
2147 1742 2239 1822 τῷ
2294 1733 2727 1824 μανθάνοντι

512 1842 929 1929 ὑποτίθεται.
987 1845 1217 1909 Waitz
1248 1846 1412 1932 Org.
1443 1846 1492 1909 Ι.
1525 1870 1589 1932 p.
1621 1846 1809 1926 428),
1855 1866 2120 1930 quorum
2162 1854 2456 1907 neutrum
2497 1842 2728 1908 cadere

512 1960 729 2037 potest
771 1953 839 2016 in
884 1972 1190 2015 summum
1238 1947 1714 2033 demonstrandi
1759 1951 2154 2035 principium.
2221 1947 2426 2032 Quod
2470 1946 2727 2034 quidem

513 2065 588 2118 ut
633 2065 697 2118 et
734 2049 1238 2140 γνωριμώτατον
1277 2064 1341 2117 et
1379 2047 1806 2119 ἀνυπόθετον
1846 2056 1943 2131 sit,
1987 2056 2073 2117 ita
2114 2062 2543 2137 comparatum
2585 2073 2729 2117 esse

517 2168 791 2245 oportet,
836 2170 906 2223 ut
951 2181 1132 2223 error
1174 2162 1243 2222 in
1291 2178 1370 2221 eo
1416 2157 1630 2222 locum
1674 2178 1811 2221 non
1852 2156 2085 2222 habeat
2119 2177 2243 2222 nec
2281 2159 2605 2241 quisquam
2645 2155 2729 2221 de

519 2284 599 2327 eo
647 2262 783 2326 falli
825 2267 1030 2349 possit
1072 2263 1263 2348 (περὶ
1306 2254 1390 2339 ἢν
1435 2261 1940 2351 διαψευσθῆναι
1984 2254 2316 2325 ἀδύνατον
2352 2261 2540 2341 ὂ12).
2619 2262 2731 2325 At-

519 2389 642 2453 que
686 2370 773 2432 ita
821 2365 1073 2453 quidem
1121 2375 1551 2451 comparatum
1600 2386 1739 2429 esse
1776 2366 2157 2452 principium
2188 2363 2729 2443 contradictionis,

516 2481 852 2558 postquam
909 2474 1116 2559 ipsum
1160 2472 1500 2557 proposuit
1544 2471 1903 2549 blo-23,
1962 2467 2357 2533 demonstrat
2397 2470 2727 2536 ⁶23—31

518 2576 691 2641 hunc
731 2580 799 2641 in
842 2576 1121 2641 modum.
1212 2576 1282 2640 Si
1326 2597 1548 2639 verum
1594 2585 1718 2667 est,
1772 2574 1946 2661 quod
1991 2576 2256 2660 ponitur
2297 2576 2366 2639 in
2409 2578 2729 2660 principio

522 2680 1063 2759 contradictionis,
1107 2681 1251 2745 fieri
1295 2701 1430 2744 non
1466 2701 1661 2766 posse
1696 2689 1769 2744 ut
1805 2681 2124 2743 contraria
2162 2678 2346 2742 simul
2389 2679 2595 2744 eidem
2635 2681 2731 2744 rei

519 2785 743 2862 insint,
800 2788 973 2869 atqui
1019 2787 1336 2848 contraria
1381 2795 1479 2849 est
1523 2786 1882 2869 propositio
1932 2782 2253 2846 affirmans
2300 2782 2540 2869 aliquid
2581 2804 2732 2871 pro·

520 2889 832 2972 positioni
876 2887 1043 2951 idem
1091 2891 1354 2975 neganti
1403 2888 1523 2967 (cf.
1572 2887 1651 2951 de
1698 2891 1960 2972 interpr.
2008 2888 2163 2968 14):
2208 2886 2352 2951 fieri
2395 2890 2619 2975 nequit
2660 2898 2733 2955 ut

525 2993 696 3077 quiS,
742 2990 918 3077 quod
963 2991 1261 3078 affirmat,
1307 2992 1476 3056 idem
1523 2990 1711 3056 simul
1755 3001 1965 3077 neget,
2009 2990 2077 3056 id
2126 3002 2223 3056 est
2268 3001 2476 3056 autem
2521 3002 2593 3057 ut
2634 3014 2734 3057 re-

521 3104 770 3182 pugnet
828 3097 1143 3182 principio
1205 3097 1745 3162 contradictionis,
1837 3094 1983 3180 Qua
2040 3095 2296 3182 quidem
2340 3107 2735 3183 argumenta-

522 3203 701 3265 tione
733 3199 1113 3266 Aristoteles
1157 3224 1555 3288 nequaquam
1600 3198 1920 3287 putandus
1966 3210 2065 3264 est
2106 3203 2312 3293 ipsum
2356 3204 2731 3287 principium

526 3304 1048 3369 contradictionis
1093 3304 1528 3371 demonstrare
1578 3302 1891 3383 voluisse,
1947 3304 2124 3389 quod
2180 3327 2302 3369 nec
2355 3326 2548 3390 posse
2590 3305 2736 3369 fieri

438 3408 458 3431 ⁸
527 3413 864 3495 perspexit,
912 3420 976 3473 et
1019 3414 1073 3474 si
1118 3415 1207 3476 ita
1252 3409 1565 3475 voluisset
1606 3408 1935 3495 perficere,
1978 3411 2045 3472 in
2091 3412 2468 3496 petitionem
2506 3411 2736 3495 princi·

524 3515 615 3597 pii
659 3515 845 3577 nimis
890 3513 1284 3579 manifestam
1329 3513 1673 3578 incidisset.
1742 3513 1890 3577 Hoc
1931 3517 2146 3600 potius
2180 3514 2436 3579 videtur
2474 3513 2736 3579 demon-

526 3626 728 3680 strare
767 3615 1066 3695 voluisse,
1113 3639 1250 3682 earn
1291 3638 1429 3682 esse
1466 3616 1656 3681 huius
1694 3619 1986 3703 principii
2025 3629 2331 3698 naturam,
2373 3630 2447 3684 ut
2490 3622 2556 3684 si
2596 3639 2735 3705 po-

525 3732 762 3786 natur
804 3724 1011 3806 ipsum
1055 3743 1174 3807 per
1217 3743 1286 3786 se
1330 3743 1549 3785 verum
1594 3742 1764 3798 esse,
1821 3720 1975 3787 inde
2027 3733 2479 3810 consequatur,
2536 3734 2608 3790 ut
2652 3722 2733 3789 ab

526 3825 819 3889 omnibus
864 3835 1179 3912 tamquam
1223 3846 1440 3890 verum
1487 3834 1889 3912 agnoscatur.
2417 3811 2424 3817 ⁶

665 3931 865 3993 10050
893 3932 979 3995 19
1022 3922 1112 3995 τὸ
1158 3926 1309 4015 γὰρ
1356 3925 1557 3995 αὐτὸ
1604 3965 1688 3978 -
1735 3932 1822 3996 23
1868 3927 2154 4017 ἀρχῶν.
2220 3931 2489 3997 Inclusis
2524 3935 2591 3996 in
2627 3951 2737 4017 pa·

524 4032 807 4097 renthesi
849 4036 926 4098 iis
963 4034 1195 4112 verbiS,
1241 4057 1403 4120 quae
1432 4038 1620 4100 unice
1652 4034 2028 4121 explicando
2062 4048 2128 4100 et
2154 4036 2518 4123 supplendo
2550 4057 2740 4123 quae-

528 4136 671 4202 dam
716 4139 1072 4202 inserviunt
1116 4138 1194 4203 cf.
1233 4142 1380 4218 ⁶27,
1427 4142 1918 4205 concinnitatem
1954 4144 2274 4205 enunciati
2310 4146 2554 4207 auxisse
2588 4141 2739 4205 mihi

528 4240 784 4318 videor;
830 4263 1101 4328 namque
1145 4238 1223 4307 τὸ
1268 4236 1397 4331 γάρ
1445 4268 1509 4307 α.
1558 4237 1624 4307 ἅ.
1670 4241 1729 4309 ὑ.
1770 4267 1826 4309 κ.
1865 4269 1933 4329 μ.
1973 4242 2029 4309 ὑ.
2075 4241 2408 4311 ἀδύνατον
2451 4248 2606 4326 (int.
2652 4237 2740 4311 εἶ-

528 4348 679 4426 ναι)
714 4367 770 4410 τ.
804 4371 867 4410 α.
898 4369 952 4412 κ.
989 4369 1044 4411 κ.
1083 4340 1160 4411 τὸ
1197 4342 1362 4413 αὐτό
1396 4347 1748 4413 subiectum
1784 4359 1881 4413 est
1917 4353 2257 4429 enunciati‚
2294 4348 2470 4437 quod
2506 4346 2743 4414 deinde

497 4471 651 4537 'per
704 4472 1066 4537 pronomen
1123 4445 1291 4532 αὕτη
1348 4455 1413 4518 in
1473 4454 1747 4519 animum
1793 4452 2065 4542 legentis
2107 4464 2463 4521 revocatur.
2554 4452 2766 4538 Quae
