3043 4973
1140 283 1219 353 Z
1259 280 1327 353 4.
1413 279 1683 357 1029&
2368 287 2513 363 305

299 454 448 520 dem
479 456 683 521 videri
714 465 932 543 potest
960 449 1038 521 τὸ
1067 479 1182 537 τηε
1211 468 1390 523 recte
1418 457 1849 548 descripsisse.
1897 456 2007 527 διὰ
2044 465 2140 546 τίς
2172 459 2278 531 ὅτι
2305 461 2513 550 πρόσ-

300 581 482 624 εστιν
523 556 706 625 αὐτό.
788 561 1019 648 Neque
1066 564 1232 626 enim
1276 560 1443 642 licet,
1487 567 1541 627 si
1588 585 1774 650 quam
1820 587 1955 630 rem
2013 566 2282 633 definire
2333 570 2510 650 velis,

298 666 504 749 ipsam
560 685 693 728 rem
751 662 1176 729 definiendam
1230 665 1537 732 adhibere
1581 666 1663 731 ad
1709 666 2166 737 definitionem.
2257 672 2390 738 Sed
2435 691 2511 739 ea

297 765 552 832 demum
601 766 891 832 definitio
931 762 1006 832 τὸ
1042 771 1109 833 τί
1144 758 1230 850 ἦν
1269 767 1434 834 εἶναι
1470 780 1643 835 reete
1680 773 2068 857 assequetur,
2113 795 2277 861 quae
2310 779 2508 862 ipsam

298 893 432 937 rem
491 871 786 950 denotet,
842 892 964 935 nec
1020 883 1229 937 tamen
1291 895 1426 937 eam
1474 873 1557 938 ad
1590 872 2043 959 ‚definitionem
2089 877 2511 961 adsciscat¹)‚

298 975 475 1061 quod
524 976 851 1062 quomodo
895 976 1014 1040 fiat
1055 976 1218 1041 infra
1262 998 1399 1063 cap.
1445 980 1529 1042 12
1575 982 1930 1063 exponitur.
2008 981 2225 1067 Quare
2270 986 2326 1048 si
2372 987 2509 1070 quis

300 1078 553 1143 dixerit:
616 1074 691 1145 τὸ
749 1083 1103 1171 ἐπιφανείᾳ
1160 1081 1348 1170 λευκῇ
1406 1077 1578 1146 εἶναί
1632 1086 1771 1148 ἐστι
1821 1076 1900 1148 τὸ
1945 1088 2300 1176 ἐπιφανείᾳ
2345 1086 2512 1154 εἶναι

297 1182 458 1267 λείᾳ,
501 1186 556 1248 is
594 1205 728 1249 non
762 1185 910 1271 quid
948 1188 1031 1249 sit
1064 1177 1141 1249 τὸ
1173 1206 1287 1265 τηε
1322 1187 1680 1273 ἐπιφανείᾳ
1716 1184 2020 1268 definivit,
2059 1193 2297 1276 quippe
2334 1192 2511 1277 quod

295 1288 368 1350 in
411 1289 549 1373 ipsa
596 1287 974 1362 definitione
1019 1288 1371 1367 adsciverit,
1415 1288 1529 1352 sed
1576 1283 1654 1353 τὸ
1699 1289 1903 1373 λευκῷ
1946 1286 2113 1358 εἶναι
2155 1292 2324 1358 idem
2370 1313 2513 1361 esse

298 1389 461 1456 dixit
503 1413 579 1456 ac
621 1387 698 1456 τὸ
743 1394 894 1476 λείῳ
940 1390 1133 1472 εἶναι,
1192 1392 1417 1457 horum
1477 1393 1647 1456 enim
1705 1392 1970 1459 alterum
2027 1417 2149 1482 pro
2194 1397 2398 1463 altero
2444 1402 2511 1464 in

295 1493 680 1561 definitione
720 1499 953 1581 posuit.

435 1601 638 1664 102912
671 1601 759 1664 22
804 1602 977 1667 ἐπεὶ
1022 1597 1078 1664 δ’
1121 1637 1202 1651 -
1253 1602 1462 1687 103οα
1487 1602 1573 1666 17
1621 1596 1855 1666 εἶναι.
1924 1603 2049 1666 Per
2092 1603 2256 1668 hanc
2301 1605 2514 1692 dispu-
2566 1667 2569 1670 .

295 1705 558 1767 tationis
597 1713 839 1790 partem
882 1706 1115 1789 quaeri,
1152 1725 1304 1768 num
1344 1701 1835 1791 compositarum
1877 1709 2061 1770 etiam
2091 1727 2316 1787 rerum,
2361 1710 2422 1774 h.
2456 1731 2511 1775 e.

295 1828 548 1887 earum,
596 1811 666 1872 in
712 1808 940 1894 quibus
985 1807 1334 1873 substantia
1378 1830 1497 1895 per
1542 1811 1953 1895 quantitatem
1994 1810 2103 1874 vel
2148 1811 2512 1898 qualitatem

296 1911 407 1975 vel
467 1910 812 1997 quamlibet
866 1912 1273 1978 affectionem
1333 1912 1597 1977 definita
1644 1923 1741 1977 est
1783 1915 1962 1993 (ἐπεὶ
2005 1916 2141 1980 ἔστι
2170 1918 2297 1981 ,καὶ
2341 1910 2513 1982 κατὰ

294 2009 421 2091 τὰς
482 2010 690 2092 ἄλλας
744 2019 1146 2104 κατηγορίας
1202 2012 1502 2083 σύνθετα
1557 2017 1761 2097 κτλ),
1823 2039 1961 2082 esse
2019 2017 2281 2105 aliquod
2327 2013 2404 2084 τὸ
2449 2022 2516 2086 τί

295 2109 386 2199 ἦν
446 2116 614 2184 εἶναι
669 2119 1071 2185 statuendum
1128 2124 1239 2200 sit,
1299 2141 1566 2209 eamque
1624 2124 2059 2208 quaestionem
2116 2125 2204 2187 ita
2251 2127 2384 2212 agi,
2443 2134 2516 2189 ut

294 2226 571 2288 notione
615 2226 735 2289 τοῦ
778 2247 890 2304 τηε
928 2246 1116 2311 supra
1156 2230 1491 2313 proposita
1535 2227 1888 2291 dirimatur:
1932 2224 1998 2290 id
2038 2226 2294 2311 quidem
2338 2247 2517 2314 aper-

297 2337 434 2392 tum
483 2335 607 2404 est3
664 2328 780 2393 sed
841 2350 1003 2415 quae
1049 2331 1132 2393 sit
1176 2330 1572 2418 singulorum
1616 2330 1957 2395 verborum
2002 2334 2350 2411 sententia,
2406 2336 2519 2418 qui

296 2435 754 2497 sententiarum
803 2442 1164 2512 contextae,
1216 2433 1382 2500 adeo
1427 2431 1578 2499 mihi
1627 2432 1877 2520 quidem
1906 2442 1992 2497 -et
2035 2437 2375 2522 scriptoris·
2408 2453 2520 2501 ne-

296 2536 612 2625 gligentia
670 2548 736 2602 et
791 2537 1194 2603 librariorum
1263 2538 1450 2626 culpa
1521 2538 1924 2603 obscuratum
1987 2537 2267 2618 videtur,
2324 2550 2407 2604 ‘ut
2463 2544 2518 2605 si

296 2640 499 2706 modo
555 2640 978 2726 probabiliter
1034 2641 1229 2706 verba
1291 2641 1666 2728 explicuisse
1723 2642 1946 2706 videar
2001 2644 2152 2705 satis
2210 2664 2311 2707 me
2366 2643 2520 2708 effe-

297 2748 462 2809 cisse
520 2755 757 2830 putem.
807 2782 888 2796 —
950 2744 1221 2830 Quaerit
1269 2748 1466 2833 igitur
1506 2747 1637 2813 ⁶25
1682 2766 1832 2810 num
1889 2748 2409 2832 compositarum·
2443 2768 2519 2811 ex

295 2848 656 2913 substantia
697 2858 761 2912 et
798 2848 1128 2914 accidente
1169 2870 1392 2914 rerum·
1427 2850 1511 2913 sit
1547 2843 1626 2914 τὸ
1663 2871 1775 2929 τηε
1813 2868 2036 2926 necne,
2080 2849 2281 2915 veluti
2315 2849 2520 2934 λευκῷ

297 2948 643 3039 ἀνθρώπῳ
691 2956 841 3034 (int.
888 2974 1036 3017 num
1083 2956 1164 3019 sit
1200 2972 1280 3018 an
1317 2973 1448 3018 non
1489 2956 1611 3034 sit)
1656 2954 1721 3018 τί
1760 2943 1848 3033 ἦν
1894 2948 2111 3020 εἶναι
2155 2954 2358 3040 λευκῷ
2400 2951 2527 3021 ἀνα

413 3132 477 3202 1)
523 3138 661 3189 Haec
696 3137 972 3190 Aristotelis
1014 3140 1193 3190 verba:
1239 3143 1290 3191 ἐν
1333 3130 1372 3206 ᾧ
1415 3135 1526 3211 ἄρα
1568 3138 1642 3209 μὴ
1689 3142 1896 3191 ἐνέσται
1934 3135 2069 3208 λόγῳ
2104 3133 2271 3200 αῧτό,
2317 3140 2522 3209 λέγοντι

298 3218 455 3289 αῧτό,
494 3215 651 3284 οὗτος
689 3222 716 3275 ὃ
755 3221 909 3293 λόγος
942 3226 1043 3275 τοῦ
1078 3228 1136 3276 τί
1169 3215 1230 3293 ἦν
1268 3216 1402 3278 εἶναι
1436 3225 1636 3291 ἑκάστῳ
1675 3223 2161 3289 Trendelenburgius
2198 3224 2230 3274 l.
2265 3224 2297 3273 l.
2330 3243 2385 3292 p.
2419 3238 2517 3276 469

297 3308 368 3360 ita
404 3308 568 3360 vertit:
614 3310 682 3363 In
719 3310 1049 3380 demjenigen
1083 3309 1333 3380 Begrg’ffe
1369 3311 1511 3379 wird
1539 3311 1651 3382 fiir
1695 3312 1782 3362 ein
1814 3310 1966 3377 jedes
2011 3311 2108 3362 das
2154 3307 2217 3360 τὸ
2255 3312 2314 3359 τί
2345 3298 2405 3377 ἦν
2443 3298 2522 3360 εἲ-

298 3415 389 3447 ναι
427 3412 577 3465 steyn,
623 3396 683 3447 in
727 3397 968 3449 wele-Item
1012 3394 1160 3448 nicht
1202 3397 1299 3448 das
1335 3396 1686 3450 Individuelle
1721 3390 1929 3463 (αὐτό)
1967 3395 2129 3465 liegt,
2179 3393 2417 3464 obgleich
2463 3410 2521 3446 er

298 3482 400 3534 das
446 3482 797 3535 Indiuidaelle
844 3482 1080 3553 begrezfi
1125 3477 1424 3552 (aussoegt)
1447 3483 1492 3545 .(
1505 3486 1708 3551 λέγοντι
1752 3477 1889 3535 αὐτὸ
1901 3476 1943 3546 ).
2024 3481 2129 3532 Sed
2172 3479 2287 3531 licet
2328 3498 2394 3530 ne
2438 3498 2519 3530 re-

297 3567 605 3636 spexerimus
660 3569 865 3637 quidem
917 3568 1275 3620 sententiar-mn
1328 3586 1540 3632 nexum,
1596 3569 1678 3621 cui
1726 3588 1910 3639 pamm
1952 3581 2067 3636 apte
2110 3566 2252 3619 notio
2295 3565 2391 3619 iun
2424 3567 2522 3621 dat

297 3653 654 3707 Individuelle
691 3655 997 3718 obtruditur,
1049 3655 1103 3706 id
1146 3657 1372 3724 profecto
1418 3675 1476 3707 ex
1524 3654 1770 3709 constanti
1803 3653 2078 3706 Aristotelis
2114 3673 2213 3707 usu
2249 3651 2521 3731 dicendum

300 3753 408 3791 erat
441 3740 505 3792 τὸ
543 3741 596 3791 τὶ
640 3736 735 3808 (cf.
774 3743 839 3793 ad
874 3734 1209 3796 F2.10037'
1247 3737 1375 3809 33),
1417 3763 1519 3794 non
1568 3737 1730 3803 α’ῧτό,
1775 3740 1808 3791 i.
1845 3759 1889 3790 e.
1928 3735 2063 3792 αῧτὸ
2099 3739 2164 3791 τὸ
2203 3712 2522 3809 ὃριζόμενον.

298 3826 474 3895 Itaque
518 3828 780 3878 vernacule
825 3827 961 3878 hunc
1004 3828 1171 3897 potius
1213 3828 1265 3878 in
1310 3827 1523 3878 modum
1566 3826 1648 3877 illa
1690 3846 1748 3876 ve
1752 3827 1841 3877 rba
1884 3824 2116 3876 videntur
2155 3823 2524 3892 interpretanda

302 3931 435 3963 esse:
481 3910 777 3983 Deq’enige
812 3912 1047 3982 Regi-ff
1070 3915 1185 3967 also
1230 3915 1302 3966 ist
1337 3914 1448 3985 fiir
1492 3912 1579 3965 ein
1602 3912 1751 3980 jedes
1790 3910 1951 3985 Βίης
1984 3908 2220 3980 Regi-{ff
2244 3911 2331 3961 des
2366 3909 2429 3961 τὸ
2470 3910 2529 3960 τί

301 3989 364 4067 ἦν
402 3989 555 4062 εἶναι,
601 3998 660 4050 in
697 3999 939 4052 wele-bem
974 4015 1027 4051 es
1062 4001 1218 4053 selbst
1261 4000 1413 4053 nicht
1456 3998 1731 4057 euthalten
1773 3997 1877 4061 ist,
1923 3997 2177 4075 wiihrevtd
2208 4012 2267 4051 er
2301 4012 2355 4047 es
2390 3994 2521 4062 doeh

301 4085 614 4139 bezeichnet.
683 4085 1025 4138 Confirmatur
1058 4087 1180 4137 haec
1214 4084 1554 4155 interpretatio
1591 4085 1702 4136 dell.
1742 4083 1872 4153 Top.
1897 4083 1946 4135 V
1985 4098 2033 4138 3.
2071 4075 2200 4137 13οό
2233 4096 2323 4135 38:
2362 4075 2522 4135 ἔπειτ’

303 4166 741 4236 ἆνασκευάζοντα
772 4177 865 4241 μὲν
898 4175 946 4224 εἰ
981 4168 1152 4241 αὐτῷ
1190 4175 1576 4243 προσκέχρηται
1615 4159 1678 4222 οὗ
1713 4168 1779 4221 τὸ
1817 4172 1950 4222 ἴδιον
1986 4164 2332 4231 ἀποδίδωσιν,
2364 4163 2398 4234 ἢ
2428 4162 2528 4217 τῶν

302 4251 514 4310 mito&
551 4262 679 4310 τινί·
719 4253 783 4311 οὗ
818 4258 917 4328 γὰρ
955 4262 1105 4311 ἕσται
1140 4256 1303 4316 καλῶς
1339 4261 1573 4327 κείμενον
1609 4255 1673 4309 τὸ
1709 4257 1861 4309 ἴδιον.
1920 4257 2020 4308 τοῦ
2052 4255 2155 4325 γὰρ
2190 4259 2394 4324 μαθεῖν
2422 4249 2530 4319 χοί-

303 4363 384 4414 ριν
421 4338 745 4397 ἀποδίδοται
783 4343 846 4396 τὸ
884 4347 1040 4397 ἴδιον·
1087 4339 1250 4397 αὗτὸ
1285 4347 1376 4412 μὲν
1416 4334 1507 4396 οὖν
1546 4340 1691 4411 miz-413
1729 4340 1925 4410 ὁμοίως
1960 4335 2239 4410 ἄγνωστον
2272 4342 2386 4406 ἐστι
2419 4337 2529 4389 κτλ.

304 4430 376 4481 VI
416 4444 462 4482 4.
503 4438 637 4484 142⁰
676 4445 763 4484 34:
801 4425 963 4490 ἄλλος
1000 4426 1051 4483 δ’
1081 4434 1127 4482 εἰ
1163 4423 1333 4498 αῧτῷ
1373 4434 1619 4501 κέχρηται
1653 4425 1724 4497 τῷ
1758 4425 2061 4499 ὁριζομένῳ.

393 4516 597 4569 Aristot.
623 4519 843 4587 metaph.
869 4517 949 4571 ed.
973 4516 1156 4570 Bonitz
1179 4512 1379 4571 vulin.
2045 4514 2120 4566 20
