3043 4973
2391 232 2479 313 18

280 417 491 479 iuncta
534 411 644 478 vel
684 414 896 499 aptius
940 411 1250 499 disposita
1295 413 1544 498 cupias,
1602 410 1802 479 veluti
1847 409 2022 498 quod
2063 413 2303 497 primae
2345 410 2491 498 phi..

282 515 620 603 losophiae
677 519 1008 583 notionem
1067 517 1148 583 ab
1194 519 1377 581 initio
1423 515 1874 602 disputationis
1917 516 1984 583 Γ
2023 517 2062 580 1
2108 536 2300 600 quum
2343 536 2481 581 eam

283 640 470 687 unam
532 640 672 685 esse
729 622 1054 687 scientiam
1114 619 1548 687 demonstrare
1605 618 1880 697 orditur,
1944 616 2311 704 simpliciter
2365 637 2484 705 po-

227 726 238 733 “
280 727 377 789 nit
419 725 597 793 ἔστιν
642 719 965 808 ἐπιστήμη
1010 747 1108 800 τις
1153 718 1194 804 ἢ
1239 725 1485 807 θεωρεῖ
1528 715 1604 789 τὸ
1662 715 1741 788 ὃν
1784 711 1824 812 ᾗ
1872 716 1950 788 ὅν
1993 722 2160 799 κτλ.,
2218 742 2293 786 ac
2335 741 2484 807 pro·

282 830 449 895 ximo
499 826 750 893 demum
796 825 963 893 libro
1008 826 1078 895 E
1115 828 1154 891 1
1202 825 1513 892 distinctis
1558 824 1827 914 singulis
1878 823 2317 911 philosophiae
2363 823 2485 892 dis·

282 931 535 1017 ciplinis
570 928 936 1017 diligentius
974 939 1038 994 et
1073 928 1363 994 subtilius
1396 929 1726 1004 desen-ibin
1768 928 1872 993 vel
1908 925 2081 1013 quod
2115 930 2177 995 Z
2199 931 2238 993 7
2275 926 2484 1019 dispu-

282 1037 589 1099 tationem
636 1032 715 1097 de
760 1036 1178 1120 generatione
1222 1035 1592 1118 interponit,
1635 1052 1797 1117 quae
1829 1030 2176 1117 disputatio
2213 1030 2366 1117 quid
2402 1032 2486 1096 sit

284 1135 599 1203 collatura
644 1135 724 1202 ad
770 1139 1208 1224 cognitionem
1256 1136 1511 1214 formae,
1558 1134 1640 1203 de
1685 1157 1809 1222 qua
1853 1139 2309 1221 quummaxime
2353 1136 2486 1222 agi-

282 1250 401 1317 tur,
444 1261 529 1309 ne
576 1239 775 1317 verbo
822 1238 1074 1325 quidem
1118 1239 1489 1327 significans
1536 1237 1886 1311 lectoribus
1920 1238 2348 1324 quaerendum
2390 1259 2488 1303 re-

283 1343 530 1430 linquit.
626 1344 835 1428 Atque
875 1342 944 1407 id
989 1342 1244 1429 quidem
1290 1365 1494 1430 genus
1542 1342 1664 1409 alia
1710 1353 2038 1429 praeterea
2083 1343 2297 1411 afferri
2340 1363 2487 1427 pos-

282 1458 432 1512 sunt
489 1470 567 1513 ex
609 1447 709 1513 his
752 1445 964 1522 libris,
1023 1446 1133 1513 ubi
1190 1445 1496 1532 quaedam
1555 1445 1660 1519 vel
1704 1451 1904 1534 mag-is
1950 1445 2162 1515 limata
2206 1446 2312 1513 vel
2354 1445 2489 1532 pla-

286 1553 426 1617 nius
484 1552 657 1617 iuter
713 1571 784 1613 se
842 1553 1180 1623 coniuncta
1238 1549 1431 1626 velis3
1485 1570 1697 1635 neque
1755 1559 1967 1619 tamen
2010 1548 2348 1635 quidquam
2392 1571 2489 1617 re-

284 1656 522 1739 perias,
568 1651 744 1738 quod
790 1651 1245 1738 disputationis
1290 1656 1662 1721 continuum
1706 1651 1994 1723 ordinem
2039 1672 2303 1738 prorsus
2346 1673 2491 1738 per-

284 1756 520 1821 turbet.
596 1754 757 1820 Inde
803 1759 857 1823 si
900 1767 1141 1825 tantum
1185 1755 1485 1825 eomludi
1531 1756 1698 1836 licet,
1739 1776 1932 1843 posse
1971 1756 2090 1821 hos
2127 1754 2331 1823 libros
2366 1756 2492 1823 hoc

286 1859 516 1927 ordine
562 1858 642 1923 ab
689 1859 1037 1929 Aristotele
1082 1864 1355 1947 scriptos
1400 1883 1478 1929 ao
1519 1864 1770 1948 positos
1811 1881 1968 1941 esse,
2013 1857 2326 1927 accedam
2367 1857 2490 1927 alin

288 1961 593 2048 quaedam
641 1974 1039 2050 argumenta,
1096 1968 1324 2050 partim
1384 1987 1457 2031 ex
1502 1967 1659 2051 ipsis
1704 1966 1802 2033 bis
1843 1963 2022 2033 libris
2068 1964 2294 2050 petita,
2352 1985 2493 2049 par·-

287 2069 399 2131 tim
443 2077 619 2133 extra
665 2087 778 2133 eos
820 2069 1048 2153 posita,
1091 2090 1168 2137 ex
1214 2068 1441 2155 quibus
1484 2091 1556 2135 re
1591 2092 1741 2137 vera
1780 2071 2108 2154 scripsisse
2145 2067 2305 2133 haec
2341 2087 2493 2135 cou-

287 2172 467 2235 tinuo
514 2169 747 2237 ordine
793 2170 1194 2239 Aristotelem
1254 2194 1394 2239 cum
1449 2194 1680 2261 magna
1729 2183 1905 2239 certe
1948 2175 2163 2261 specie
2208 2172 2491 2239 veritatis

284 2273 575 2360 colligas.

417 2379 516 2442 Ac
572 2379 837 2463 primum
895 2377 1153 2462 quidem
1207 2381 1480 2464 scriptor
1536 2380 1602 2441 in
1647 2380 2006 2463 posteriore
2050 2388 2237 2463 parte
2281 2377 2494 2463 dispu-

287 2484 549 2548 tationis
590 2483 848 2566 saepius
894 2479 974 2547 ad
1020 2503 1098 2546 ea
1142 2485 1426 2568 respicit,
1480 2504 1646 2566 quae
1683 2479 2123 2566 superioribus
2167 2479 2346 2548 libris
2389 2503 2495 2550 ex·-

286 2588 522 2671 posuit.
604 2583 703 2649 Ad
738 2584 971 2652 librum
999 2585 1071 2652 Α
1115 2585 1390 2650 lectores
1433 2583 1682 2672 relegat
1725 2584 1796 2650 B
1821 2586 1883 2652 2.
1916 2586 2089 2660 ‚997⁶
2128 2586 2200 2652 3:
2246 2582 2331 2661 ὡς
2371 2585 2518 2669 μὲν

289 2680 407 2755 οὖν
452 2690 730 2772 λέγομεν
773 2683 858 2753 τὰ
903 2686 1040 2767 εἴδη
1088 2684 1267 2756 αἴτιά
1322 2711 1390 2752 τε
1432 2689 1548 2752 καὶ
1591 2684 1823 2764 οὐσίας
1867 2682 2034 2752 εἶναι
2076 2683 2242 2754 καθ’
2288 2679 2495 2763 αὑτὰς

286 2795 542 2878 εἴρηται
586 2796 658 2857 ὲν
703 2799 841 2869 τοῖς
880 2788 1163 2880 πρώτοις
1206 2788 1431 2875 λόγοις
1470 2792 1620 2876 περὶ
1656 2787 1888 2868 αὐτῶν,
1932 2790 2011 2858 cf.
2043 2791 2132 2869 A,
2167 2792 2229 2858 6.
2265 2792 2326 2858 9
2393 2790 2496 2856 Li-

286 2895 471 2962 brum
516 2894 585 2959 B
629 2898 1003 2962 nominatim
1049 2904 1497 2964 commemorat
1539 2893 1650 2968 ubi
1692 2897 1956 2980 primam
2012 2917 2086 2960 ex
2142 2896 2496 2981 proposit-is

284 2997 422 3064 illic
464 2998 946 3082 quaestionibus
991 2998 1188 3070 solvit
1227 2998 1295 3066 Γ
1316 3001 1378 3070 2
1430 2998 1635 3072 10⁰4·
1666 2999 1781 3066 32:
1825 2991 2134 3088 φανερὸν
2149 2987 2288 3075 οὖν,
2334 2992 2494 3082 ὅπερ

288 3106 361 3170 ἐν
402 3109 555 3178 ταῖς
598 3098 910 3186 ἀπορίαις
950 3102 1213 3187 ἐλέχθη,
1259 3097 1360 3166 ὅτι
1400 3125 1562 3185 petas:
1601 3103 1753 3187 nep).
1795 3096 2043 3172 τούτων
2081 3103 2194 3176 καὶ
2227 3101 2347 3181 τῆς
2381 3097 2497 3168 οὐ·

293 3205 444 3280 σίας
485 3206 626 3278 ἐστὶ
668 3199 871 3285 λογον
924 3206 1127 3288 ἔχειν·
1185 3206 1383 3278 τοῦτο
1426 3202 1488 3270 δ’
1529 3193 1612 3283 ἦν
1657 3205 1727 3270 ἓν
1768 3206 1899 3272 τῶν
1943 3208 2012 3270 ἐν
2057 3211 2196 3280 τοῖς
2239 3198 2496 3290 ἀπορή-

303 3327 512 3388 μασιν,
554 3307 640 3374 cf.
674 3307 753 3380 ,B
797 3310 858 3374 2.
905 3311 1074 3376 996a
1120 3309 1202 3374 18
1246 3329 1399 3393 sqq„
1447 3329 1524 3371 ac
1568 3310 1758 3378 tacite
1801 3318 1869 3379 et
1910 3329 2027 3393 per
2070 3306 2380 3393 reliquum
2426 3305 2499 3374 li-

301 3408 482 3474 brum
521 3411 603 3489 T„
654 3433 846 3496 quum
899 3411 1160 3478 alteram
1206 3414 1644 3496 quaestionem
1689 3413 2088 3498 persequitur
2131 3411 2212 3477 de
2256 3432 2499 3498 cogno-

292 3512 544 3580 scendis
588 3517 844 3582 summis
889 3516 1247 3600 principiis,
1308 3523 1371 3578 et
1413 3536 1532 3599 per
1576 3511 1899 3599 proximos
1945 3513 2170 3591 libros,
2234 3514 2345 3579 ubi
2391 3536 2500 3578 en-

292 3620 445 3683 tium
499 3639 742 3705 genera
800 3621 1012 3683 omnia
1067 3627 1132 3684 et
1174 3637 1589 3703 quaecunque
1633 3621 1710 3686 iis
1753 3618 2044 3692 accidant
2088 3617 2168 3684 ad
2212 3616 2500 3684 substan*

288 3723 442 3788 tiam
485 3720 826 3796 referenda
860 3720 1091 3800 docet,
1143 3720 1225 3792 ad
1269 3718 1556 3805 ἀπορίας
1597 3719 1766 3790 libro
1813 3720 1881 3792 Β
1923 3719 2258 3788 dialectice
2303 3719 2499 3788 disee?

286 3835 500 3911 ptatas
544 3827 827 3911 respicit.
894 3823 1153 3900 Librum
1183 3824 1334 3898 1⁷2.
1367 3825 1577 3892 1063α
1608 3825 1936 3890 33--ὀ10
1969 3823 2074 3891 vel
2112 3822 2338 3892 librum
2371 3824 2435 3890 Z
2465 3826 2497 3890 1

284 3927 613 4015 intelligit,
651 3949 841 4013 quum
878 3927 1096 4002 scribit
1128 3930 1310 3994 initio
1344 3927 1497 3996 libri
1526 3928 1587 3994 Θ
1618 3929 1677 3993 l.
1718 3929 1921 3994 10451»
1952 3929 2066 3996 312
2110 3921 2333 4000 πάντα
2372 3920 2499 4011 γάρ

284 4030 418 4110 ,ἕξει
460 4026 581 4097 τὸν
625 4033 744 4110 τῆς
784 4028 1016 4107 οὐσίας
1056 4027 1290 4115 λόγον,
1348 4023 1566 4116 ὥσπερ
1620 4028 1885 4114 εἴπομεν
1929 4035 1997 4096 ὲν
2042 4040 2181 4105 τοῖς
2222 4025 2503 4115 πρώτοις

286 4131 549 4218 λόγοις,
591 4153 802 4219 neque
848 4138 1016 4202 enim
1058 4154 1322 4202 necesse
1369 4142 1467 4200 est
1508 4132 1723 4200 verbis
1770 4138 1840 4198 ἐν
1883 4140 2022 4211 τοῖς
2065 4128 2346 4218 πρώτοις
2388 4127 2502 4197 λό-

284 4257 436 4319 γοις
478 4241 681 4306 totius
729 4236 1174 4324 disputationis
1218 4238 1463 4302 initium
1508 4236 1886 4324 significari,
1939 4236 2057 4304 sed
2112 4246 2384 4324 possunt
2427 4255 2502 4302 ea

293 4341 489 4418 etiam
544 4340 775 4408 referii
830 4341 912 4412 ad
962 4344 1213 4410 initium
1273 4343 1470 4428 partis
1515 4339 1801 4406 alicuius.
1889 4341 2190 4424 Denique
2232 4337 2314 4405 ad
2359 4338 2423 4402 Z
2458 4337 2502 4401 8
