<?xml version="1.0" encoding="UTF-8"?>
<!DOCTYPE html PUBLIC "-//W3C//DTD XHTML 1.0 Transitional//EN"
    "http://www.w3.org/TR/xhtml1/DTD/xhtml1-transitional.dtd">
<html xmlns="http://www.w3.org/1999/xhtml" xml:lang="en" lang="en">
 <head>
  <title>
</title>
<meta http-equiv="Content-Type" content="text/html;charset=utf-8" />
  <meta name='ocr-system' content='tesseract 3.04.00' />
  <meta name='ocr-capabilities' content='ocr_page ocr_carea ocr_par ocr_line ocrx_word'/>
</head>
<body>
  <div class='ocr_page' id='page_1' title='image "aristotelismeta02bonigoog_0145.png"; bbox 0 0 3043 4973; ppageno 0'>
   <div class='ocr_carea' id='block_1_1' title="bbox 1173 251 2503 328">
    <p class='ocr_par' dir='ltr' id='par_1_1' title="bbox 1173 251 2503 328">
     <span class='ocr_line' id='line_1_1' title="bbox 1173 251 2503 328; baseline 0.002 -4"><span class='ocrx_word' id='word_1_1' title='bbox 1173 278 1224 324; x_wconf 85' lang='grc' dir='ltr'><strong><em>α</em></strong></span> <span class='ocrx_word' id='word_1_2' title='bbox 1270 251 1341 324; x_wconf 75' lang='grc'><strong>2.</strong></span> <span class='ocrx_word' id='word_1_3' title='bbox 1417 252 1565 325; x_wconf 82' lang='grc'><strong>994</strong></span> <span class='ocrx_word' id='word_1_4' title='bbox 1582 253 1644 325; x_wconf 81' lang='lat' dir='ltr'><strong>b.</strong></span> <span class='ocrx_word' id='word_1_5' title='bbox 2369 253 2503 328; x_wconf 76' lang='lat'><strong>133</strong></span> 
     </span>
    </p>
   </div>
   <div class='ocr_carea' id='block_1_2' title="bbox 269 423 2552 4232">
    <p class='ocr_par' dir='ltr' id='par_1_2' title="bbox 269 423 2552 4232">
     <span class='ocr_line' id='line_1_2' title="bbox 299 423 2502 515; baseline 0.003 -28"><span class='ocrx_word' id='word_1_6' title='bbox 299 443 434 502; x_wconf 86' lang='lat' dir='ltr'><strong>nus,</strong></span> <span class='ocrx_word' id='word_1_7' title='bbox 480 423 656 509; x_wconf 90' lang='lat' dir='ltr'><strong>quod</strong></span> <span class='ocrx_word' id='word_1_8' title='bbox 692 425 816 490; x_wconf 82' lang='lat' dir='ltr'><strong>viri</strong></span> <span class='ocrx_word' id='word_1_9' title='bbox 854 445 890 490; x_wconf 88' lang='lat' dir='ltr'><strong>e</strong></span> <span class='ocrx_word' id='word_1_10' title='bbox 925 443 1130 512; x_wconf 84' lang='lat' dir='ltr'><strong>puero</strong></span> <span class='ocrx_word' id='word_1_11' title='bbox 1170 427 1600 493; x_wconf 53' lang='lat' dir='ltr'><strong>adolescentis</strong></span> <span class='ocrx_word' id='word_1_12' title='bbox 1636 428 1940 515; x_wconf 60' lang='lat' dir='ltr'><strong>exemplo</strong></span> <span class='ocrx_word' id='word_1_13' title='bbox 1963 428 2340 494; x_wconf 70' lang='lat' dir='ltr'><strong>illustratum</strong></span> <span class='ocrx_word' id='word_1_14' title='bbox 2369 442 2502 505; x_wconf 61' lang='grc' dir='ltr'><strong>θείη</strong></span> 
     </span>
     <span class='ocr_line' id='line_1_3' title="bbox 298 530 2503 617; baseline 0.001 -24"><span class='ocrx_word' id='word_1_15' title='bbox 298 532 363 593; x_wconf 78' lang='lat' dir='ltr'><strong>in</strong></span> <span class='ocrx_word' id='word_1_16' title='bbox 408 548 490 592; x_wconf 81' lang='lat' dir='ltr'><strong>eo</strong></span> <span class='ocrx_word' id='word_1_17' title='bbox 540 538 751 593; x_wconf 81' lang='lat' dir='ltr'><strong>autem</strong></span> <span class='ocrx_word' id='word_1_18' title='bbox 796 549 1034 615; x_wconf 79' lang='lat' dir='ltr'>genere</span> <span class='ocrx_word' id='word_1_19' title='bbox 1079 541 1226 616; x_wconf 88' lang='lat' dir='ltr'><strong>apte</strong></span> <span class='ocrx_word' id='word_1_20' title='bbox 1272 554 1346 595; x_wconf 84' lang='lat' dir='ltr'><strong>ac</strong></span> <span class='ocrx_word' id='word_1_21' title='bbox 1388 531 1654 617; x_wconf 77' lang='lat' dir='ltr'><strong>pr‘oprie</strong></span> <span class='ocrx_word' id='word_1_22' title='bbox 1679 532 1933 597; x_wconf 79' lang='lat' dir='ltr'><strong>dicitur:</strong></span> <span class='ocrx_word' id='word_1_23' title='bbox 1980 530 2062 597; x_wconf 83' lang='grc' dir='ltr'><strong>οὐ</strong></span> <span class='ocrx_word' id='word_1_24' title='bbox 2101 534 2391 616; x_wconf 63' lang='grc' dir='ltr'><strong>γίγνηται</strong></span> <span class='ocrx_word' id='word_1_25' title='bbox 2431 536 2503 596; x_wconf 70' lang='grc' dir='ltr'><strong>ἐκ</strong></span> 
     </span>
     <span class='ocr_line' id='line_1_4' title="bbox 295 627 2500 722; baseline 0.001 -27"><span class='ocrx_word' id='word_1_26' title='bbox 295 633 414 710; x_wconf 76' lang='grc' dir='ltr'><strong>τῆς</strong></span> <span class='ocrx_word' id='word_1_27' title='bbox 457 637 768 713; x_wconf 68' lang='grc' dir='ltr'><strong><em>γενέσεως</em></strong></span> <span class='ocrx_word' id='word_1_28' title='bbox 810 627 887 696; x_wconf 76' lang='grc' dir='ltr'><strong>τὸ</strong></span> <span class='ocrx_word' id='word_1_29' title='bbox 931 629 1319 716; x_wconf 74' lang='grc' dir='ltr'><strong><em>γιγνόμενον</em></strong></span> <span class='ocrx_word' id='word_1_30' title='bbox 1360 638 1440 712; x_wconf 90' lang='lat' dir='ltr'><strong>(i.</strong></span> <span class='ocrx_word' id='word_1_31' title='bbox 1475 657 1529 698; x_wconf 92' lang='lat' dir='ltr'><strong>e.</strong></span> <span class='ocrx_word' id='word_1_32' title='bbox 1578 637 1660 698; x_wconf 87' lang='lat' dir='ltr'><strong>ita</strong></span> <span class='ocrx_word' id='word_1_33' title='bbox 1698 646 1770 699; x_wconf 87' lang='lat' dir='ltr'><strong>ut</strong></span> <span class='ocrx_word' id='word_1_34' title='bbox 1805 657 1880 698; x_wconf 85' lang='lat' dir='ltr'><strong>ex</strong></span> <span class='ocrx_word' id='word_1_35' title='bbox 1913 639 2048 720; x_wconf 75' lang='lat' dir='ltr'><strong>ipsa</strong></span> <span class='ocrx_word' id='word_1_36' title='bbox 2083 637 2500 722; x_wconf 79' lang='lat' dir='ltr'><strong>generatione</strong></span> 
     </span>
     <span class='ocr_line' id='line_1_5' title="bbox 295 731 2501 821; baseline 0.002 -23"><span class='ocrx_word' id='word_1_37' title='bbox 295 738 452 798; x_wconf 80' lang='lat' dir='ltr'><strong>novi</strong></span> <span class='ocrx_word' id='word_1_38' title='bbox 498 735 650 821; x_wconf 91' lang='lat' dir='ltr'><strong>quid</strong></span> <span class='ocrx_word' id='word_1_39' title='bbox 696 734 1036 820; x_wconf 83' lang='lat' dir='ltr'><strong>prodeat),</strong></span> <span class='ocrx_word' id='word_1_40' title='bbox 1084 731 1257 801; x_wconf 73' lang='grc' dir='ltr'><em>ἀλλὰ</em></span> <span class='ocrx_word' id='word_1_41' title='bbox 1300 741 1452 814; x_wconf 86' lang='lat' dir='ltr'><strong>(int.</strong></span> <span class='ocrx_word' id='word_1_42' title='bbox 1498 740 1836 820; x_wconf 76' lang='grc' dir='ltr'><strong><em>γίγνεται)</em></strong></span> <span class='ocrx_word' id='word_1_43' title='bbox 1878 731 2042 819; x_wconf 75' lang='grc' dir='ltr'><strong>μετὰ</strong></span> <span class='ocrx_word' id='word_1_44' title='bbox 2088 731 2210 816; x_wconf 78' lang='grc' dir='ltr'><strong>τὴν</strong></span> <span class='ocrx_word' id='word_1_45' title='bbox 2251 742 2501 820; x_wconf 69' lang='grc' dir='ltr'><strong><em>γένεσιν</em></strong></span> 
     </span>
     <span class='ocr_line' id='line_1_6' title="bbox 295 832 2502 926; baseline 0.002 -27"><span class='ocrx_word' id='word_1_46' title='bbox 295 838 353 901; x_wconf 77' lang='lat' dir='ltr'><strong>h.</strong></span> <span class='ocrx_word' id='word_1_47' title='bbox 389 859 445 900; x_wconf 90' lang='lat' dir='ltr'><strong>e.</strong></span> <span class='ocrx_word' id='word_1_48' title='bbox 494 843 565 901; x_wconf 75' lang='grc' dir='ltr'><strong>ἐκ</strong></span> <span class='ocrx_word' id='word_1_49' title='bbox 604 842 723 903; x_wconf 81' lang='grc' dir='ltr'><strong>τοῦ</strong></span> <span class='ocrx_word' id='word_1_50' title='bbox 759 832 885 918; x_wconf 80' lang='grc' dir='ltr'><strong>ἤδη</strong></span> <span class='ocrx_word' id='word_1_51' title='bbox 922 835 1273 922; x_wconf 75' lang='grc' dir='ltr'><strong><em>γεγονότος</em></strong></span> <span class='ocrx_word' id='word_1_52' title='bbox 1306 840 1479 905; x_wconf 82' lang='lat' dir='ltr'><strong>Alex.</strong></span> <span class='ocrx_word' id='word_1_53' title='bbox 1514 866 1578 926; x_wconf 87' lang='lat' dir='ltr'><strong>p.</strong></span> <span class='ocrx_word' id='word_1_54' title='bbox 1616 844 1758 920; x_wconf 85' lang='lat'><strong>116,</strong></span> <span class='ocrx_word' id='word_1_55' title='bbox 1786 843 1894 904; x_wconf 61' lang='lat'><strong>22,</strong></span> <span class='ocrx_word' id='word_1_56' title='bbox 1967 840 2097 904; x_wconf 86' lang='lat' dir='ltr'><strong>Sed</strong></span> <span class='ocrx_word' id='word_1_57' title='bbox 2144 837 2289 905; x_wconf 79' lang='grc' dir='ltr'><em>ἀλλ’</em></span> <span class='ocrx_word' id='word_1_58' title='bbox 2330 842 2502 904; x_wconf 74' lang='grc' dir='ltr'><strong><em>ἔστι</em></strong></span> 
     </span>
     <span class='ocr_line' id='line_1_7' title="bbox 292 932 2499 1031; baseline 0.001 -28"><span class='ocrx_word' id='word_1_59' title='bbox 292 932 459 1023; x_wconf 70' lang='grc' dir='ltr'><strong>μετὰ</strong></span> <span class='ocrx_word' id='word_1_60' title='bbox 501 935 623 1019; x_wconf 79' lang='grc' dir='ltr'><strong>τὴν</strong></span> <span class='ocrx_word' id='word_1_61' title='bbox 664 944 915 1023; x_wconf 67' lang='grc' dir='ltr'><strong><em>γένεσιν</em></strong></span> <span class='ocrx_word' id='word_1_62' title='bbox 959 963 1091 1006; x_wconf 86' lang='lat' dir='ltr'><strong>non</strong></span> <span class='ocrx_word' id='word_1_63' title='bbox 1128 953 1349 1028; x_wconf 81' lang='lat' dir='ltr'><strong>potest</strong></span> <span class='ocrx_word' id='word_1_64' title='bbox 1392 944 1474 1010; x_wconf 83' lang='lat' dir='ltr'><strong>ad</strong></span> <span class='ocrx_word' id='word_1_65' title='bbox 1521 943 2036 1031; x_wconf 81' lang='lat' dir='ltr'><strong>distinguendum</strong></span> <span class='ocrx_word' id='word_1_66' title='bbox 2081 944 2206 1007; x_wconf 89' lang='lat' dir='ltr'><strong>hoc</strong></span> <span class='ocrx_word' id='word_1_67' title='bbox 2248 946 2499 1029; x_wconf 84' lang='lat' dir='ltr'><strong>potissi-</strong></span> 
     </span>
     <span class='ocr_line' id='line_1_8' title="bbox 290 1045 2498 1134; baseline 0.002 -29"><span class='ocrx_word' id='word_1_68' title='bbox 290 1063 459 1106; x_wconf 89' lang='lat' dir='ltr'><strong>mum</strong></span> <span class='ocrx_word' id='word_1_69' title='bbox 506 1064 712 1130; x_wconf 83' lang='lat' dir='ltr'><strong>genus</strong></span> <span class='ocrx_word' id='word_1_70' title='bbox 758 1045 1006 1123; x_wconf 82' lang='lat' dir='ltr'><strong>referri,</strong></span> <span class='ocrx_word' id='word_1_71' title='bbox 1067 1050 1363 1131; x_wconf 87' lang='lat' dir='ltr'><strong>quoniam</strong></span> <span class='ocrx_word' id='word_1_72' title='bbox 1424 1069 1602 1111; x_wconf 86' lang='lat' dir='ltr'><strong>esse</strong></span> <span class='ocrx_word' id='word_1_73' title='bbox 1649 1045 1899 1131; x_wconf 86' lang='lat' dir='ltr'><strong>quidem</strong></span> <span class='ocrx_word' id='word_1_74' title='bbox 1944 1057 2094 1131; x_wconf 87' lang='lat' dir='ltr'><strong>post</strong></span> <span class='ocrx_word' id='word_1_75' title='bbox 2138 1048 2498 1134; x_wconf 88' lang='lat' dir='ltr'><strong>generatio-</strong></span> 
     </span>
     <span class='ocr_line' id='line_1_9' title="bbox 291 1148 2418 1236; baseline 0.001 -28"><span class='ocrx_word' id='word_1_76' title='bbox 291 1166 435 1209; x_wconf 92' lang='lat' dir='ltr'><strong>nem</strong></span> <span class='ocrx_word' id='word_1_77' title='bbox 480 1149 549 1210; x_wconf 89' lang='lat' dir='ltr'><strong>iu</strong></span> <span class='ocrx_word' id='word_1_78' title='bbox 596 1158 865 1233; x_wconf 90' lang='lat' dir='ltr'><strong>utroque</strong></span> <span class='ocrx_word' id='word_1_79' title='bbox 911 1170 1152 1236; x_wconf 80' lang='lat' dir='ltr'><strong>genere</strong></span> <span class='ocrx_word' id='word_1_80' title='bbox 1192 1161 1368 1215; x_wconf 86' lang='lat' dir='ltr'><strong>recte</strong></span> <span class='ocrx_word' id='word_1_81' title='bbox 1414 1149 1647 1215; x_wconf 87' lang='lat' dir='ltr'><strong>dicitur</strong></span> <span class='ocrx_word' id='word_1_82' title='bbox 1689 1150 1755 1213; x_wconf 88' lang='lat' dir='ltr'><strong>id</strong></span> <span class='ocrx_word' id='word_1_83' title='bbox 1804 1148 1974 1234; x_wconf 77' lang='lat' dir='ltr'><strong>quod</strong></span> <span class='ocrx_word' id='word_1_84' title='bbox 2022 1149 2256 1214; x_wconf 85' lang='lat' dir='ltr'><strong>factum</strong></span> <span class='ocrx_word' id='word_1_85' title='bbox 2303 1157 2418 1212; x_wconf 90' lang='lat' dir='ltr'><strong>est.</strong></span> 
     </span>
     <span class='ocr_line' id='line_1_10' title="bbox 424 1247 2497 1333; baseline 0.001 -21"><span class='ocrx_word' id='word_1_86' title='bbox 424 1251 588 1313; x_wconf 69' lang='lat'><strong>994⁶</strong></span> <span class='ocrx_word' id='word_1_87' title='bbox 628 1254 673 1314; x_wconf 79' lang='lat'><strong>6</strong></span> <span class='ocrx_word' id='word_1_88' title='bbox 716 1247 881 1333; x_wconf 77' lang='grc' dir='ltr'><strong>ἅμα</strong></span> <span class='ocrx_word' id='word_1_89' title='bbox 928 1253 1009 1316; x_wconf 74' lang='grc' dir='ltr'><strong>δὲ</strong></span> <span class='ocrx_word' id='word_1_90' title='bbox 1054 1256 1188 1318; x_wconf 79' lang='grc' dir='ltr'><strong>καὶ</strong></span> <span class='ocrx_word' id='word_1_91' title='bbox 1230 1291 1318 1306; x_wconf 87' lang='grc'><strong>--</strong></span> <span class='ocrx_word' id='word_1_92' title='bbox 1363 1257 1405 1319; x_wconf 81' lang='grc'>9</span> <span class='ocrx_word' id='word_1_93' title='bbox 1452 1251 1730 1319; x_wconf 71' lang='grc' dir='ltr'><strong><em>ἀΐδιον</em></strong></span> <span class='ocrx_word' id='word_1_94' title='bbox 1787 1249 2018 1316; x_wconf 76' lang='grc' dir='ltr'><strong><em>εἶναι.</em></strong></span> <span class='ocrx_word' id='word_1_95' title='bbox 2111 1250 2304 1316; x_wconf 79' lang='lat' dir='ltr'><strong>Falso</strong></span> <span class='ocrx_word' id='word_1_96' title='bbox 2352 1250 2497 1316; x_wconf 83' lang='lat' dir='ltr'><strong>Ale-</strong></span> 
     </span>
     <span class='ocr_line' id='line_1_11' title="bbox 289 1351 2497 1443; baseline 0.001 -29"><span class='ocrx_word' id='word_1_97' title='bbox 289 1351 533 1415; x_wconf 81' lang='lat' dir='ltr'><strong>xander</strong></span> <span class='ocrx_word' id='word_1_98' title='bbox 577 1353 655 1417; x_wconf 85' lang='lat' dir='ltr'><strong>ab</strong></span> <span class='ocrx_word' id='word_1_99' title='bbox 701 1355 796 1417; x_wconf 86' lang='lat' dir='ltr'><strong>his</strong></span> <span class='ocrx_word' id='word_1_100' title='bbox 842 1355 993 1419; x_wconf 89' lang='lat' dir='ltr'><strong>inde</strong></span> <span class='ocrx_word' id='word_1_101' title='bbox 1041 1357 1266 1434; x_wconf 76' lang='lat' dir='ltr'><strong>verbiS,</strong></span> <span class='ocrx_word' id='word_1_102' title='bbox 1319 1357 1499 1421; x_wconf 85' lang='lat' dir='ltr'><strong>finita</strong></span> <span class='ocrx_word' id='word_1_103' title='bbox 1546 1355 1881 1422; x_wconf 86' lang='lat' dir='ltr'><strong>universali</strong></span> <span class='ocrx_word' id='word_1_104' title='bbox 1930 1357 2497 1443; x_wconf 81' lang='lat' dir='ltr'><strong>argumentatione,</strong></span> 
     </span>
     <span class='ocr_line' id='line_1_12' title="bbox 289 1454 2495 1548; baseline 0 -30"><span class='ocrx_word' id='word_1_105' title='bbox 289 1454 543 1542; x_wconf 82' lang='lat' dir='ltr'><strong>singula</strong></span> <span class='ocrx_word' id='word_1_106' title='bbox 588 1467 770 1541; x_wconf 83' lang='lat' dir='ltr'><strong>putat</strong></span> <span class='ocrx_word' id='word_1_107' title='bbox 812 1463 1182 1543; x_wconf 80' lang='lat' dir='ltr'><strong>pertractari</strong></span> <span class='ocrx_word' id='word_1_108' title='bbox 1227 1483 1464 1548; x_wconf 84' lang='lat' dir='ltr'><strong>genera</strong></span> <span class='ocrx_word' id='word_1_109' title='bbox 1512 1481 1870 1535; x_wconf 82' lang='lat' dir='ltr'><strong>causarum,</strong></span> <span class='ocrx_word' id='word_1_110' title='bbox 1929 1471 1994 1523; x_wconf 89' lang='lat' dir='ltr'><strong>et</strong></span> <span class='ocrx_word' id='word_1_111' title='bbox 2051 1462 2316 1543; x_wconf 88' lang='lat' dir='ltr'><strong>primum</strong></span> <span class='ocrx_word' id='word_1_112' title='bbox 2359 1459 2495 1540; x_wconf 90' lang='lat' dir='ltr'><strong>qui-</strong></span> 
     </span>
     <span class='ocr_line' id='line_1_13' title="bbox 290 1556 2494 1646; baseline 0.001 -25"><span class='ocrx_word' id='word_1_113' title='bbox 290 1556 432 1621; x_wconf 87' lang='lat' dir='ltr'><strong>dem</strong></span> <span class='ocrx_word' id='word_1_114' title='bbox 493 1560 875 1625; x_wconf 64' lang='lat' dir='ltr'><strong>materialem</strong></span> <span class='ocrx_word' id='word_1_115' title='bbox 936 1583 1204 1630; x_wconf 75' lang='lat' dir='ltr'><strong>causam.</strong></span> <span class='ocrx_word' id='word_1_116' title='bbox 1295 1566 1449 1628; x_wconf 85' lang='lat' dir='ltr'><strong>Non</strong></span> <span class='ocrx_word' id='word_1_117' title='bbox 1504 1579 1736 1626; x_wconf 76' lang='lat' dir='ltr'><strong>novam</strong></span> <span class='ocrx_word' id='word_1_118' title='bbox 1795 1561 1990 1626; x_wconf 84' lang='lat' dir='ltr'><strong>ordiri</strong></span> <span class='ocrx_word' id='word_1_119' title='bbox 2049 1561 2494 1646; x_wconf 65' lang='lat' dir='ltr'><strong>disputationis</strong></span> 
     </span>
     <span class='ocr_line' id='line_1_14' title="bbox 286 1663 2495 1750; baseline 0.001 -26"><span class='ocrx_word' id='word_1_120' title='bbox 286 1672 549 1747; x_wconf 86' lang='lat' dir='ltr'><strong>partem,</strong></span> <span class='ocrx_word' id='word_1_121' title='bbox 592 1663 704 1726; x_wconf 90' lang='lat' dir='ltr'><strong>sed</strong></span> <span class='ocrx_word' id='word_1_122' title='bbox 746 1668 1050 1730; x_wconf 76' lang='lat' dir='ltr'><strong>artissime</strong></span> <span class='ocrx_word' id='word_1_123' title='bbox 1088 1668 1244 1736; x_wconf 86' lang='lat' dir='ltr'><strong>haec</strong></span> <span class='ocrx_word' id='word_1_124' title='bbox 1280 1663 1679 1731; x_wconf 76' lang='lat' dir='ltr'><strong>adnectenda</strong></span> <span class='ocrx_word' id='word_1_125' title='bbox 1713 1686 1854 1730; x_wconf 87' lang='lat' dir='ltr'><strong>esse</strong></span> <span class='ocrx_word' id='word_1_126' title='bbox 1889 1663 2322 1750; x_wconf 77' lang='lat' dir='ltr'><strong>superioribus</strong></span> <span class='ocrx_word' id='word_1_127' title='bbox 2353 1683 2495 1726; x_wconf 79' lang='lat' dir='ltr'><strong>ver·</strong></span> 
     </span>
     <span class='ocr_line' id='line_1_15' title="bbox 286 1764 2494 1858; baseline 0.001 -31"><span class='ocrx_word' id='word_1_128' title='bbox 286 1764 416 1843; x_wconf 80' lang='lat' dir='ltr'><strong>bie,</strong></span> <span class='ocrx_word' id='word_1_129' title='bbox 475 1764 581 1829; x_wconf 85' lang='lat' dir='ltr'><strong>vel</strong></span> <span class='ocrx_word' id='word_1_130' title='bbox 628 1788 701 1829; x_wconf 81' lang='lat' dir='ltr'><strong>ex</strong></span> <span class='ocrx_word' id='word_1_131' title='bbox 744 1768 1052 1853; x_wconf 84' lang='lat' dir='ltr'><strong>particula</strong></span> <span class='ocrx_word' id='word_1_132' title='bbox 1099 1765 1244 1854; x_wconf 79' lang='grc' dir='ltr'><strong>ἅμα</strong></span> <span class='ocrx_word' id='word_1_133' title='bbox 1295 1767 1616 1858; x_wconf 78' lang='lat' dir='ltr'><strong>intelligas</strong></span> <span class='ocrx_word' id='word_1_134' title='bbox 1657 1790 1781 1854; x_wconf 80' lang='lat' dir='ltr'><strong>qua</strong></span> <span class='ocrx_word' id='word_1_135' title='bbox 1828 1771 2227 1834; x_wconf 73' lang='lat' dir='ltr'><strong>enunciawm</strong></span> <span class='ocrx_word' id='word_1_136' title='bbox 2274 1767 2494 1849; x_wconf 64' lang='lat' dir='ltr'><strong>incipi-</strong></span> 
     </span>
     <span class='ocr_line' id='line_1_16' title="bbox 287 1866 2491 1961; baseline 0.001 -31"><span class='ocrx_word' id='word_1_137' title='bbox 287 1877 406 1931; x_wconf 87' lang='lat' dir='ltr'><strong>tur.</strong></span> <span class='ocrx_word' id='word_1_138' title='bbox 488 1869 796 1934; x_wconf 77' lang='lat' dir='ltr'><strong>Nimirum</strong></span> <span class='ocrx_word' id='word_1_139' title='bbox 832 1891 1023 1936; x_wconf 90' lang='lat' dir='ltr'><strong>unum</strong></span> <span class='ocrx_word' id='word_1_140' title='bbox 1061 1876 1494 1961; x_wconf 76' lang='lat' dir='ltr'><strong>generationis</strong></span> <span class='ocrx_word' id='word_1_141' title='bbox 1533 1895 1739 1961; x_wconf 80' lang='lat' dir='ltr'><strong>genus</strong></span> <span class='ocrx_word' id='word_1_142' title='bbox 1776 1907 1864 1924; x_wconf 90' lang='grc'><strong>--</strong></span> <span class='ocrx_word' id='word_1_143' title='bbox 1899 1870 2072 1957; x_wconf 91' lang='lat' dir='ltr'><strong>quod</strong></span> <span class='ocrx_word' id='word_1_144' title='bbox 2118 1868 2266 1934; x_wconf 85' lang='lat' dir='ltr'><strong>alibi</strong></span> <span class='ocrx_word' id='word_1_145' title='bbox 2310 1866 2491 1945; x_wconf 78' lang='grc' dir='ltr'><em>ἁπλῆ</em></span> 
     </span>
     <span class='ocr_line' id='line_1_17' title="bbox 285 1973 2489 2062; baseline 0 -29"><span class='ocrx_word' id='word_1_146' title='bbox 285 1974 534 2054; x_wconf 73' lang='grc' dir='ltr'><strong><em>γένεσις</em></strong></span> <span class='ocrx_word' id='word_1_147' title='bbox 566 1974 1039 2059; x_wconf 78' lang='lat' dir='ltr'><strong>appellatur-—-</strong></span> <span class='ocrx_word' id='word_1_148' title='bbox 1073 1977 1137 2040; x_wconf 87' lang='lat' dir='ltr'><strong>id</strong></span> <span class='ocrx_word' id='word_1_149' title='bbox 1172 1981 1401 2062; x_wconf 84' lang='lat' dir='ltr'><strong>posuit,</strong></span> <span class='ocrx_word' id='word_1_150' title='bbox 1446 1980 1514 2041; x_wconf 91' lang='lat' dir='ltr'><strong>in</strong></span> <span class='ocrx_word' id='word_1_151' title='bbox 1552 1997 1680 2062; x_wconf 89' lang='lat' dir='ltr'><strong>quo</strong></span> <span class='ocrx_word' id='word_1_152' title='bbox 1713 1975 1979 2039; x_wconf 82' lang='lat' dir='ltr'><strong>alterum</strong></span> <span class='ocrx_word' id='word_1_153' title='bbox 2016 1973 2098 2037; x_wconf 87' lang='lat' dir='ltr'><strong>fit</strong></span> <span class='ocrx_word' id='word_1_154' title='bbox 2130 1976 2489 2036; x_wconf 77' lang='lat' dir='ltr'><strong>intereunte</strong></span> 
     </span>
     <span class='ocr_line' id='line_1_18' title="bbox 285 2074 2489 2165; baseline -0.001 -27"><span class='ocrx_word' id='word_1_155' title='bbox 285 2074 522 2151; x_wconf 88' lang='lat' dir='ltr'><strong>altero;</strong></span> <span class='ocrx_word' id='word_1_156' title='bbox 583 2099 718 2140; x_wconf 81' lang='lat' dir='ltr'><strong>eam</strong></span> <span class='ocrx_word' id='word_1_157' title='bbox 771 2099 1014 2146; x_wconf 86' lang='lat' dir='ltr'><strong>sursum</strong></span> <span class='ocrx_word' id='word_1_158' title='bbox 1062 2078 1425 2146; x_wconf 79' lang='lat' dir='ltr'><strong>ascendenti</strong></span> <span class='ocrx_word' id='word_1_159' title='bbox 1469 2100 1606 2146; x_wconf 89' lang='lat' dir='ltr'><strong>non</strong></span> <span class='ocrx_word' id='word_1_160' title='bbox 1649 2088 1867 2165; x_wconf 85' lang='lat' dir='ltr'><strong>patere</strong></span> <span class='ocrx_word' id='word_1_161' title='bbox 1911 2080 1977 2140; x_wconf 90' lang='lat' dir='ltr'><strong>in</strong></span> <span class='ocrx_word' id='word_1_162' title='bbox 2019 2075 2335 2141; x_wconf 83' lang='lat' dir='ltr'><strong>infinitum</strong></span> <span class='ocrx_word' id='word_1_163' title='bbox 2381 2094 2489 2137; x_wconf 86' lang='lat' dir='ltr'><strong>an-</strong></span> 
     </span>
     <span class='ocr_line' id='line_1_19' title="bbox 285 2179 2487 2270; baseline -0.001 -28"><span class='ocrx_word' id='word_1_164' title='bbox 285 2189 386 2242; x_wconf 85' lang='lat' dir='ltr'><strong>tee</strong></span> <span class='ocrx_word' id='word_1_165' title='bbox 435 2200 527 2257; x_wconf 84' lang='lat' dir='ltr'><strong>ea,</strong></span> <span class='ocrx_word' id='word_1_166' title='bbox 574 2201 739 2265; x_wconf 86' lang='lat' dir='ltr'><strong>quae</strong></span> <span class='ocrx_word' id='word_1_167' title='bbox 783 2181 862 2244; x_wconf 90' lang='lat' dir='ltr'><strong>ad</strong></span> <span class='ocrx_word' id='word_1_168' title='bbox 911 2187 1120 2246; x_wconf 87' lang='lat' dir='ltr'><strong>omnia</strong></span> <span class='ocrx_word' id='word_1_169' title='bbox 1166 2203 1492 2248; x_wconf 83' lang='lat' dir='ltr'><strong>causarum</strong></span> <span class='ocrx_word' id='word_1_170' title='bbox 1538 2203 1774 2270; x_wconf 85' lang='lat' dir='ltr'><strong>genera</strong></span> <span class='ocrx_word' id='word_1_171' title='bbox 1821 2184 2195 2266; x_wconf 83' lang='lat' dir='ltr'><strong>pertineret,</strong></span> <span class='ocrx_word' id='word_1_172' title='bbox 2237 2179 2487 2241; x_wconf 84' lang='lat' dir='ltr'><strong>ratione</strong></span> 
     </span>
     <span class='ocr_line' id='line_1_20' title="bbox 286 2280 2487 2369; baseline -0 -24"><span class='ocrx_word' id='word_1_173' title='bbox 286 2280 832 2350; x_wconf 82' lang='lat' dir='ltr'><strong>demonstraverat</strong></span> <span class='ocrx_word' id='word_1_174' title='bbox 867 2289 1232 2362; x_wconf 80' lang='lat' dir='ltr'><strong>all-19;</strong></span> <span class='ocrx_word' id='word_1_175' title='bbox 1280 2285 1432 2349; x_wconf 81' lang='lat' dir='ltr'><strong>inde</strong></span> <span class='ocrx_word' id='word_1_176' title='bbox 1475 2289 1600 2349; x_wconf 87' lang='lat' dir='ltr'><strong>iam</strong></span> <span class='ocrx_word' id='word_1_177' title='bbox 1641 2283 1966 2348; x_wconf 81' lang='lat' dir='ltr'><strong>concludit</strong></span> <span class='ocrx_word' id='word_1_178' title='bbox 2000 2287 2258 2369; x_wconf 85' lang='lat' dir='ltr'><strong>primam</strong></span> <span class='ocrx_word' id='word_1_179' title='bbox 2294 2302 2487 2369; x_wconf 84' lang='lat' dir='ltr'><strong>gene-</strong></span> 
     </span>
     <span class='ocr_line' id='line_1_21' title="bbox 282 2384 2486 2476; baseline -0 -28"><span class='ocrx_word' id='word_1_180' title='bbox 282 2388 551 2450; x_wconf 81' lang='lat' dir='ltr'><strong>rationis</strong></span> <span class='ocrx_word' id='word_1_181' title='bbox 591 2392 914 2460; x_wconf 80' lang='lat' dir='ltr'><strong>materiam</strong></span> <span class='ocrx_word' id='word_1_182' title='bbox 961 2409 1093 2454; x_wconf 89' lang='lat' dir='ltr'><strong>non</strong></span> <span class='ocrx_word' id='word_1_183' title='bbox 1136 2411 1330 2476; x_wconf 84' lang='lat' dir='ltr'><strong>posse</strong></span> <span class='ocrx_word' id='word_1_184' title='bbox 1375 2392 1635 2453; x_wconf 89' lang='lat' dir='ltr'><strong>interire</strong></span> <span class='ocrx_word' id='word_1_185' title='bbox 1678 2410 1874 2473; x_wconf 89' lang='lat' dir='ltr'><strong>quum</strong></span> <span class='ocrx_word' id='word_1_186' title='bbox 1919 2386 2074 2472; x_wconf 83' lang='lat' dir='ltr'><strong>quid</strong></span> <span class='ocrx_word' id='word_1_187' title='bbox 2117 2410 2190 2451; x_wconf 89' lang='lat' dir='ltr'><strong>ex</strong></span> <span class='ocrx_word' id='word_1_188' title='bbox 2237 2408 2312 2449; x_wconf 90' lang='lat' dir='ltr'><strong>ea</strong></span> <span class='ocrx_word' id='word_1_189' title='bbox 2356 2384 2486 2460; x_wconf 83' lang='lat' dir='ltr'><strong>fiat,</strong></span> 
     </span>
     <span class='ocr_line' id='line_1_22' title="bbox 283 2491 2552 2579; baseline -0.001 -26"><span class='ocrx_word' id='word_1_190' title='bbox 283 2510 490 2576; x_wconf 87' lang='lat' dir='ltr'><strong>neque</strong></span> <span class='ocrx_word' id='word_1_191' title='bbox 534 2491 617 2555; x_wconf 82' lang='lat' dir='ltr'><strong>ad</strong></span> <span class='ocrx_word' id='word_1_192' title='bbox 664 2514 799 2557; x_wconf 86' lang='lat' dir='ltr'><strong>eam</strong></span> <span class='ocrx_word' id='word_1_193' title='bbox 844 2493 1098 2561; x_wconf 84' lang='lat' dir='ltr'><strong>extendi</strong></span> <span class='ocrx_word' id='word_1_194' title='bbox 1142 2516 1333 2579; x_wconf 85' lang='lat' dir='ltr'><strong>posse</strong></span> <span class='ocrx_word' id='word_1_195' title='bbox 1368 2514 1503 2557; x_wconf 83' lang='lat' dir='ltr'><strong>eam</strong></span> <span class='ocrx_word' id='word_1_196' title='bbox 1545 2496 1875 2556; x_wconf 87' lang='lat' dir='ltr'><strong>notionem</strong></span> <span class='ocrx_word' id='word_1_197' title='bbox 1913 2492 2366 2578; x_wconf 71' lang='lat' dir='ltr'><strong>generationis,</strong></span> <span class='ocrx_word' id='word_1_198' title='bbox 2411 2510 2485 2552; x_wconf 82' lang='lat' dir='ltr'><strong>ex</strong></span> <span class='ocrx_word' id='word_1_199' title='bbox 2541 2542 2552 2567; x_wconf 87' lang='grc'><strong>,</strong></span> 
     </span>
     <span class='ocr_line' id='line_1_23' title="bbox 284 2591 2486 2678; baseline -0.001 -21"><span class='ocrx_word' id='word_1_200' title='bbox 284 2615 403 2678; x_wconf 88' lang='lat' dir='ltr'><strong>qua</strong></span> <span class='ocrx_word' id='word_1_201' title='bbox 453 2595 714 2660; x_wconf 87' lang='lat' dir='ltr'><strong>alterum</strong></span> <span class='ocrx_word' id='word_1_202' title='bbox 756 2597 901 2661; x_wconf 83' lang='lat' dir='ltr'><strong>fieri</strong></span> <span class='ocrx_word' id='word_1_203' title='bbox 947 2598 1193 2662; x_wconf 83' lang='lat' dir='ltr'><strong>dixerat</strong></span> <span class='ocrx_word' id='word_1_204' title='bbox 1231 2596 1660 2661; x_wconf 77' lang='lat' dir='ltr'><strong>intercidente</strong></span> <span class='ocrx_word' id='word_1_205' title='bbox 1700 2595 1923 2661; x_wconf 83' lang='lat' dir='ltr'><strong>altero.</strong></span> <span class='ocrx_word' id='word_1_206' title='bbox 1961 2630 2046 2643; x_wconf 93' lang='grc'><strong>-</strong></span> <span class='ocrx_word' id='word_1_207' title='bbox 2091 2595 2269 2658; x_wconf 78' lang='lat' dir='ltr'><strong>Haec</strong></span> <span class='ocrx_word' id='word_1_208' title='bbox 2310 2591 2486 2655; x_wconf 69' lang='lat' dir='ltr'><strong>vide·</strong></span> 
     </span>
     <span class='ocr_line' id='line_1_24' title="bbox 283 2695 2484 2787; baseline -0.002 -25"><span class='ocrx_word' id='word_1_209' title='bbox 283 2707 385 2762; x_wconf 86' lang='lat' dir='ltr'><strong>tur</strong></span> <span class='ocrx_word' id='word_1_210' title='bbox 431 2710 604 2763; x_wconf 87' lang='lat' dir='ltr'><strong>certe</strong></span> <span class='ocrx_word' id='word_1_211' title='bbox 650 2702 989 2787; x_wconf 85' lang='lat' dir='ltr'><strong>scriptoris·</strong></span> <span class='ocrx_word' id='word_1_212' title='bbox 1020 2722 1160 2766; x_wconf 84' lang='lat' dir='ltr'><strong>esse</strong></span> <span class='ocrx_word' id='word_1_213' title='bbox 1203 2702 1545 2776; x_wconf 82' lang='lat' dir='ltr'><strong>sententia,</strong></span> <span class='ocrx_word' id='word_1_214' title='bbox 1604 2721 1973 2784; x_wconf 78' lang='lat' dir='ltr'><strong>quamquam</strong></span> <span class='ocrx_word' id='word_1_215' title='bbox 2031 2718 2170 2762; x_wconf 87' lang='lat' dir='ltr'><strong>eam</strong></span> <span class='ocrx_word' id='word_1_216' title='bbox 2226 2695 2333 2759; x_wconf 77' lang='lat' dir='ltr'><strong>vel</strong></span> <span class='ocrx_word' id='word_1_217' title='bbox 2371 2716 2484 2758; x_wconf 81' lang='lat' dir='ltr'><strong>ne·</strong></span> 
     </span>
     <span class='ocr_line' id='line_1_25' title="bbox 280 2803 2484 2890; baseline -0.002 -26"><span class='ocrx_word' id='word_1_218' title='bbox 280 2805 559 2867; x_wconf 84' lang='lat' dir='ltr'><strong>cessario</strong></span> <span class='ocrx_word' id='word_1_219' title='bbox 606 2803 686 2867; x_wconf 89' lang='lat' dir='ltr'><strong>ad</strong></span> <span class='ocrx_word' id='word_1_220' title='bbox 720 2803 899 2882; x_wconf 88' lang='lat' dir='ltr'><strong>hanc,</strong></span> <span class='ocrx_word' id='word_1_221' title='bbox 946 2806 1010 2868; x_wconf 91' lang='lat' dir='ltr'><strong>in</strong></span> <span class='ocrx_word' id='word_1_222' title='bbox 1050 2827 1171 2890; x_wconf 89' lang='lat' dir='ltr'><strong>qua</strong></span> <span class='ocrx_word' id='word_1_223' title='bbox 1206 2824 1377 2869; x_wconf 86' lang='lat' dir='ltr'><strong>nunc</strong></span> <span class='ocrx_word' id='word_1_224' title='bbox 1409 2811 1715 2881; x_wconf 79' lang='lat' dir='ltr'><strong>versatur,</strong></span> <span class='ocrx_word' id='word_1_225' title='bbox 1758 2804 2306 2867; x_wconf 75' lang='lat' dir='ltr'><strong>ratiocinationem</strong></span> <span class='ocrx_word' id='word_1_226' title='bbox 2342 2819 2484 2883; x_wconf 86' lang='lat' dir='ltr'><strong>per-</strong></span> 
     </span>
     <span class='ocr_line' id='line_1_26' title="bbox 278 2900 2482 2994; baseline -0.001 -27"><span class='ocrx_word' id='word_1_227' title='bbox 278 2908 513 2984; x_wconf 87' lang='lat' dir='ltr'><strong>tinere,</strong></span> <span class='ocrx_word' id='word_1_228' title='bbox 570 2905 673 2970; x_wconf 84' lang='lat' dir='ltr'><strong>vel</strong></span> <span class='ocrx_word' id='word_1_229' title='bbox 718 2911 1081 2972; x_wconf 84' lang='lat' dir='ltr'><strong>necessario</strong></span> <span class='ocrx_word' id='word_1_230' title='bbox 1135 2930 1209 2972; x_wconf 86' lang='lat' dir='ltr'><strong>ex</strong></span> <span class='ocrx_word' id='word_1_231' title='bbox 1250 2911 1404 2994; x_wconf 85' lang='lat' dir='ltr'><strong>ipsis</strong></span> <span class='ocrx_word' id='word_1_232' title='bbox 1449 2906 1663 2971; x_wconf 84' lang='lat' dir='ltr'><strong>verbis</strong></span> <span class='ocrx_word' id='word_1_233' title='bbox 1711 2910 2087 2993; x_wconf 76' lang='lat' dir='ltr'><strong>repeti-non</strong></span> <span class='ocrx_word' id='word_1_234' title='bbox 2135 2900 2482 2979; x_wconf 83' lang='lat' dir='ltr'><strong>contende·</strong></span> 
     </span>
     <span class='ocr_line' id='line_1_27' title="bbox 276 3008 2435 3097; baseline -0.001 -27"><span class='ocrx_word' id='word_1_235' title='bbox 276 3011 423 3083; x_wconf 81' lang='lat' dir='ltr'><strong>rim3</strong></span> <span class='ocrx_word' id='word_1_236' title='bbox 470 3012 607 3093; x_wconf 87' lang='lat' dir='ltr'><strong>ipsa</strong></span> <span class='ocrx_word' id='word_1_237' title='bbox 653 3014 818 3074; x_wconf 90' lang='lat' dir='ltr'><strong>enim</strong></span> <span class='ocrx_word' id='word_1_238' title='bbox 863 3011 1061 3075; x_wconf 84' lang='lat' dir='ltr'><strong>verba</strong></span> <span class='ocrx_word' id='word_1_239' title='bbox 1106 3011 1447 3076; x_wconf 82' lang='lat' dir='ltr'><strong>videantur</strong></span> <span class='ocrx_word' id='word_1_240' title='bbox 1491 3014 1759 3097; x_wconf 84' lang='lat' dir='ltr'><strong>cuipiam</strong></span> <span class='ocrx_word' id='word_1_241' title='bbox 1795 3015 1861 3076; x_wconf 90' lang='lat' dir='ltr'><strong>in</strong></span> <span class='ocrx_word' id='word_1_242' title='bbox 1901 3008 2139 3075; x_wconf 89' lang='lat' dir='ltr'><strong>circulo</strong></span> <span class='ocrx_word' id='word_1_243' title='bbox 2176 3008 2435 3071; x_wconf 80' lang='lat' dir='ltr'><strong>versari.</strong></span> 
     </span>
     <span class='ocr_line' id='line_1_28' title="bbox 411 3105 2480 3199; baseline -0.003 -24"><span class='ocrx_word' id='word_1_244' title='bbox 411 3107 574 3177; x_wconf 67' lang='lat'><strong>994²&gt;</strong></span> <span class='ocrx_word' id='word_1_245' title='bbox 608 3116 651 3177; x_wconf 85' lang='lat'><em>9</em></span> <span class='ocrx_word' id='word_1_246' title='bbox 697 3116 814 3178; x_wconf 75' lang='grc' dir='ltr'><strong>ἔτι</strong></span> <span class='ocrx_word' id='word_1_247' title='bbox 859 3114 941 3179; x_wconf 73' lang='grc' dir='ltr'><strong>δὲ</strong></span> <span class='ocrx_word' id='word_1_248' title='bbox 985 3110 1073 3178; x_wconf 83' lang='grc' dir='ltr'><strong>τὸ</strong></span> <span class='ocrx_word' id='word_1_249' title='bbox 1118 3105 1209 3180; x_wconf 81' lang='grc' dir='ltr'><strong>οὗ</strong></span> <span class='ocrx_word' id='word_1_250' title='bbox 1251 3148 1339 3165; x_wconf 82' lang='lat'><strong>--</strong></span> <span class='ocrx_word' id='word_1_251' title='bbox 1389 3119 1472 3180; x_wconf 85' lang='lat'><strong>16</strong></span> <span class='ocrx_word' id='word_1_252' title='bbox 1525 3116 1776 3199; x_wconf 77' lang='grc' dir='ltr'><strong><em>πέροις</em></strong></span> <span class='ocrx_word' id='word_1_253' title='bbox 1832 3115 2073 3177; x_wconf 78' lang='grc' dir='ltr'><strong><em>ἐστίν.</em></strong></span> <span class='ocrx_word' id='word_1_254' title='bbox 2161 3112 2236 3174; x_wconf 89' lang='lat' dir='ltr'><strong>In</strong></span> <span class='ocrx_word' id='word_1_255' title='bbox 2292 3128 2480 3171; x_wconf 83' lang='lat' dir='ltr'><strong>causa</strong></span> 
     </span>
     <span class='ocr_line' id='line_1_29' title="bbox 275 3204 2480 3304; baseline -0.002 -28"><span class='ocrx_word' id='word_1_256' title='bbox 275 3212 453 3278; x_wconf 86' lang='lat' dir='ltr'><strong>finali</strong></span> <span class='ocrx_word' id='word_1_257' title='bbox 502 3236 633 3279; x_wconf 86' lang='lat' dir='ltr'><strong>non</strong></span> <span class='ocrx_word' id='word_1_258' title='bbox 681 3216 922 3282; x_wconf 84' lang='lat' dir='ltr'><strong>admitti</strong></span> <span class='ocrx_word' id='word_1_259' title='bbox 968 3216 1430 3304; x_wconf 80' lang='lat' dir='ltr'><strong>progrediendi</strong></span> <span class='ocrx_word' id='word_1_260' title='bbox 1474 3218 1558 3280; x_wconf 80' lang='lat' dir='ltr'><strong>ab</strong></span> <span class='ocrx_word' id='word_1_261' title='bbox 1603 3216 1804 3281; x_wconf 84' lang='lat' dir='ltr'><strong>altero</strong></span> <span class='ocrx_word' id='word_1_262' title='bbox 1852 3204 1931 3279; x_wconf 90' lang='lat' dir='ltr'><strong>ad</strong></span> <span class='ocrx_word' id='word_1_263' title='bbox 1973 3216 2236 3279; x_wconf 83' lang='lat' dir='ltr'><strong>alterum</strong></span> <span class='ocrx_word' id='word_1_264' title='bbox 2270 3209 2480 3274; x_wconf 88' lang='lat' dir='ltr'><strong>infini-</strong></span> 
     </span>
     <span class='ocr_line' id='line_1_30' title="bbox 275 3311 2478 3404; baseline -0.002 -23"><span class='ocrx_word' id='word_1_265' title='bbox 275 3328 486 3395; x_wconf 85' lang='lat' dir='ltr'><strong>tatem,</strong></span> <span class='ocrx_word' id='word_1_266' title='bbox 535 3340 609 3382; x_wconf 83' lang='lat' dir='ltr'><strong>ex</strong></span> <span class='ocrx_word' id='word_1_267' title='bbox 653 3322 788 3404; x_wconf 86' lang='lat' dir='ltr'><strong>ipsa</strong></span> <span class='ocrx_word' id='word_1_268' title='bbox 838 3324 972 3385; x_wconf 83' lang='lat' dir='ltr'><strong>eius</strong></span> <span class='ocrx_word' id='word_1_269' title='bbox 1016 3325 1286 3385; x_wconf 89' lang='lat' dir='ltr'><strong>notione</strong></span> <span class='ocrx_word' id='word_1_270' title='bbox 1328 3320 1726 3387; x_wconf 83' lang='lat' dir='ltr'><strong>manifestum</strong></span> <span class='ocrx_word' id='word_1_271' title='bbox 1776 3331 1889 3384; x_wconf 66' lang='lat' dir='ltr'><strong>est⁴</strong></span> <span class='ocrx_word' id='word_1_272' title='bbox 1965 3319 2172 3404; x_wconf 82' lang='lat' dir='ltr'><strong>Quam</strong></span> <span class='ocrx_word' id='word_1_273' title='bbox 2219 3319 2325 3401; x_wconf 92' lang='lat' dir='ltr'><strong>qui</strong></span> <span class='ocrx_word' id='word_1_274' title='bbox 2371 3311 2478 3376; x_wconf 85' lang='lat' dir='ltr'><strong>ad-</strong></span> 
     </span>
     <span class='ocr_line' id='line_1_31' title="bbox 274 3419 2477 3499; baseline -0.002 -15"><span class='ocrx_word' id='word_1_275' title='bbox 274 3425 437 3485; x_wconf 82' lang='lat' dir='ltr'><strong>mitti</strong></span> <span class='ocrx_word' id='word_1_276' title='bbox 483 3419 737 3497; x_wconf 78' lang='lat' dir='ltr'><strong>volant,</strong></span> <span class='ocrx_word' id='word_1_277' title='bbox 782 3427 826 3487; x_wconf 88' lang='lat' dir='ltr'><strong>ii</strong></span> <span class='ocrx_word' id='word_1_278' title='bbox 870 3423 1110 3489; x_wconf 86' lang='lat' dir='ltr'><strong>tollunt</strong></span> <span class='ocrx_word' id='word_1_279' title='bbox 1153 3426 1413 3497; x_wconf 85' lang='lat' dir='ltr'><strong>omnino</strong></span> <span class='ocrx_word' id='word_1_280' title='bbox 1458 3423 1715 3488; x_wconf 86' lang='lat' dir='ltr'><strong>finalem</strong></span> <span class='ocrx_word' id='word_1_281' title='bbox 1762 3442 2009 3486; x_wconf 86' lang='lat' dir='ltr'><strong>causam</strong></span> <span class='ocrx_word' id='word_1_282' title='bbox 2053 3425 2217 3499; x_wconf 83' lang='lat' dir='ltr'><strong>sive,</strong></span> <span class='ocrx_word' id='word_1_283' title='bbox 2270 3428 2343 3483; x_wconf 83' lang='lat' dir='ltr'><strong>ut</strong></span> <span class='ocrx_word' id='word_1_284' title='bbox 2387 3420 2477 3481; x_wconf 86' lang='lat' dir='ltr'><strong>ait</strong></span> 
     </span>
     <span class='ocr_line' id='line_1_32' title="bbox 273 3518 2478 3613; baseline -0.001 -25"><span class='ocrx_word' id='word_1_285' title='bbox 273 3527 573 3609; x_wconf 83' lang='lat' dir='ltr'><strong>scriptor,</strong></span> <span class='ocrx_word' id='word_1_286' title='bbox 631 3519 752 3604; x_wconf 80' lang='grc' dir='ltr'><strong>τὴν</strong></span> <span class='ocrx_word' id='word_1_287' title='bbox 808 3529 928 3591; x_wconf 85' lang='grc' dir='ltr'><strong>τοῦ</strong></span> <span class='ocrx_word' id='word_1_288' title='bbox 956 3524 1252 3609; x_wconf 65' lang='grc' dir='ltr'><strong><em>ἀγαθοῦ</em></strong></span> <span class='ocrx_word' id='word_1_289' title='bbox 1297 3522 1499 3613; x_wconf 80' lang='grc' dir='ltr'><strong><em>φύσιν</em></strong></span> <span class='ocrx_word' id='word_1_290' title='bbox 1534 3528 1692 3605; x_wconf 74' lang='grc' dir='ltr'><strong>ὁ13,</strong></span> <span class='ocrx_word' id='word_1_291' title='bbox 1749 3530 1897 3611; x_wconf 86' lang='lat' dir='ltr'><strong>quia</strong></span> <span class='ocrx_word' id='word_1_292' title='bbox 1939 3520 2022 3590; x_wconf 81' lang='grc' dir='ltr'><strong>τὰ</strong></span> <span class='ocrx_word' id='word_1_293' title='bbox 2061 3518 2335 3610; x_wconf 74' lang='grc' dir='ltr'><strong><em>ἀγαθόν</em></strong></span> <span class='ocrx_word' id='word_1_294' title='bbox 2381 3530 2478 3586; x_wconf 85' lang='lat' dir='ltr'><strong>est</strong></span> 
     </span>
     <span class='ocr_line' id='line_1_33' title="bbox 270 3625 2476 3715; baseline -0.002 -23"><span class='ocrx_word' id='word_1_295' title='bbox 270 3631 459 3704; x_wconf 75' lang='grc' dir='ltr'><strong><em>τέλος</em></strong></span> <span class='ocrx_word' id='word_1_296' title='bbox 502 3625 664 3690; x_wconf 79' lang='grc' dir='ltr'><em>καθ’</em></span> <span class='ocrx_word' id='word_1_297' title='bbox 705 3625 885 3707; x_wconf 80' lang='grc' dir='ltr'><em>αὑτό,</em></span> <span class='ocrx_word' id='word_1_298' title='bbox 933 3626 1011 3693; x_wconf 71' lang='lat' dir='ltr'><strong>ef.</strong></span> <span class='ocrx_word' id='word_1_299' title='bbox 1056 3629 1136 3693; x_wconf 85' lang='lat' dir='ltr'><strong>ad</strong></span> <span class='ocrx_word' id='word_1_300' title='bbox 1168 3629 1240 3692; x_wconf 89' lang='lat' dir='ltr'><em>A</em></span> <span class='ocrx_word' id='word_1_301' title='bbox 1268 3632 1331 3694; x_wconf 79' lang='lat'><strong>3.</strong></span> <span class='ocrx_word' id='word_1_302' title='bbox 1363 3631 1533 3695; x_wconf 69' lang='lat'>963⁶</span> <span class='ocrx_word' id='word_1_303' title='bbox 1555 3633 1663 3695; x_wconf 71' lang='lat'><strong>32.</strong></span> <span class='ocrx_word' id='word_1_304' title='bbox 1733 3631 1875 3694; x_wconf 86' lang='lat' dir='ltr'><strong>Nec</strong></span> <span class='ocrx_word' id='word_1_305' title='bbox 1918 3633 2269 3715; x_wconf 86' lang='lat' dir='ltr'><strong>susciperet</strong></span> <span class='ocrx_word' id='word_1_306' title='bbox 2312 3629 2476 3711; x_wconf 71' lang='lat' dir='ltr'><strong>quie,-</strong></span> 
     </span>
     <span class='ocr_line' id='line_1_34' title="bbox 273 3722 2472 3819; baseline -0.001 -25"><span class='ocrx_word' id='word_1_307' title='bbox 273 3752 458 3816; x_wconf 83' lang='lat' dir='ltr'><strong>quam</strong></span> <span class='ocrx_word' id='word_1_308' title='bbox 504 3750 697 3817; x_wconf 83' lang='lat' dir='ltr'><strong>agere</strong></span> <span class='ocrx_word' id='word_1_309' title='bbox 742 3733 1108 3819; x_wconf 77' lang='lat' dir='ltr'><strong>quidquam,</strong></span> <span class='ocrx_word' id='word_1_310' title='bbox 1164 3736 1287 3797; x_wconf 74' lang='lat' dir='ltr'><strong>nisi</strong></span> <span class='ocrx_word' id='word_1_311' title='bbox 1316 3732 1536 3799; x_wconf 80' lang='lat' dir='ltr'><strong>-fiuem</strong></span> <span class='ocrx_word' id='word_1_312' title='bbox 1581 3743 2014 3810; x_wconf 75' lang='lat' dir='ltr'><strong>assecuturus,</strong></span> <span class='ocrx_word' id='word_1_313' title='bbox 2068 3729 2206 3798; x_wconf 83' lang='grc' dir='ltr'><strong><em>οὐδ’</em></strong></span> <span class='ocrx_word' id='word_1_314' title='bbox 2243 3722 2329 3796; x_wconf 73' lang='grc' dir='ltr'><strong>ὀὲν</strong></span> <span class='ocrx_word' id='word_1_315' title='bbox 2376 3727 2472 3806; x_wconf 62' lang='grc' dir='ltr'><strong>εἴη</strong></span> 
     </span>
     <span class='ocr_line' id='line_1_35' title="bbox 269 3830 2475 3924; baseline -0.002 -24"><span class='ocrx_word' id='word_1_316' title='bbox 269 3835 427 3910; x_wconf 83' lang='grc' dir='ltr'><strong><em>νοῦς</em></strong></span> <span class='ocrx_word' id='word_1_317' title='bbox 480 3839 553 3899; x_wconf 74' lang='grc' dir='ltr'><strong>ἐν</strong></span> <span class='ocrx_word' id='word_1_318' title='bbox 606 3842 746 3911; x_wconf 77' lang='grc' dir='ltr'><strong><em>τοῖς</em></strong></span> <span class='ocrx_word' id='word_1_319' title='bbox 790 3832 1114 3912; x_wconf 81' lang='grc' dir='ltr'><strong><em>τοιούτοις</em></strong></span> <span class='ocrx_word' id='word_1_320' title='bbox 1155 3840 1195 3899; x_wconf 89' lang='lat' dir='ltr'><strong>i.</strong></span> <span class='ocrx_word' id='word_1_321' title='bbox 1229 3859 1283 3900; x_wconf 91' lang='lat' dir='ltr'><strong>e.</strong></span> <span class='ocrx_word' id='word_1_322' title='bbox 1332 3837 1400 3900; x_wconf 75' lang='grc' dir='ltr'><strong>οἳ</strong></span> <span class='ocrx_word' id='word_1_323' title='bbox 1439 3832 1803 3924; x_wconf 76' lang='grc' dir='ltr'><strong><em>πράττουσι</em></strong></span> <span class='ocrx_word' id='word_1_324' title='bbox 1845 3830 1937 3917; x_wconf 75' lang='grc' dir='ltr'><strong>μὴ</strong></span> <span class='ocrx_word' id='word_1_325' title='bbox 1980 3838 2325 3919; x_wconf 78' lang='grc' dir='ltr'><strong><em>μέλλοντες</em></strong></span> <span class='ocrx_word' id='word_1_326' title='bbox 2368 3834 2475 3896; x_wconf 76' lang='grc' dir='ltr'><strong>ἐπὶ</strong></span> 
     </span>
     <span class='ocr_line' id='line_1_36' title="bbox 270 3932 2466 4025; baseline -0 -25"><span class='ocrx_word' id='word_1_327' title='bbox 270 3944 474 4022; x_wconf 73' lang='grc' dir='ltr'><strong><em>πέρας</em></strong></span> <span class='ocrx_word' id='word_1_328' title='bbox 516 3932 712 4016; x_wconf 81' lang='grc' dir='ltr'><strong><em>ἥξειν.</em></strong></span> <span class='ocrx_word' id='word_1_329' title='bbox 752 3975 831 3989; x_wconf 88' lang='grc'><strong>--</strong></span> <span class='ocrx_word' id='word_1_330' title='bbox 877 3939 950 4005; x_wconf 90' lang='lat' dir='ltr'><strong>In</strong></span> <span class='ocrx_word' id='word_1_331' title='bbox 996 3943 1312 4025; x_wconf 85' lang='lat' dir='ltr'><strong>principio</strong></span> <span class='ocrx_word' id='word_1_332' title='bbox 1358 3941 1543 4003; x_wconf 85' lang='lat' dir='ltr'><strong>huius</strong></span> <span class='ocrx_word' id='word_1_333' title='bbox 1588 3938 1716 4003; x_wconf 86' lang='lat' dir='ltr'><strong>loci</strong></span> <span class='ocrx_word' id='word_1_334' title='bbox 1748 3936 2110 4004; x_wconf 83' lang='lat' dir='ltr'><strong>Alexander</strong></span> <span class='ocrx_word' id='word_1_335' title='bbox 2151 3961 2211 4023; x_wconf 81' lang='lat' dir='ltr'><strong>p.</strong></span> <span class='ocrx_word' id='word_1_336' title='bbox 2247 3938 2390 4014; x_wconf 83' lang='lat'><strong>119,</strong></span> <span class='ocrx_word' id='word_1_337' title='bbox 2431 3937 2466 3999; x_wconf 89' lang='lat'><strong>7</strong></span> 
     </span>
     <span class='ocr_line' id='line_1_37' title="bbox 270 4040 2471 4128; baseline 0 -25"><span class='ocrx_word' id='word_1_338' title='bbox 270 4061 390 4125; x_wconf 92' lang='lat' dir='ltr'><strong>pro</strong></span> <span class='ocrx_word' id='word_1_339' title='bbox 442 4064 502 4104; x_wconf 87' lang='lat' dir='ltr'><strong>v.</strong></span> <span class='ocrx_word' id='word_1_340' title='bbox 556 4042 650 4105; x_wconf 74' lang='grc' dir='ltr'><strong>ἔτι</strong></span> <span class='ocrx_word' id='word_1_341' title='bbox 703 4041 775 4107; x_wconf 77' lang='grc' dir='ltr'><strong>δέ</strong></span> <span class='ocrx_word' id='word_1_342' title='bbox 824 4042 1020 4107; x_wconf 83' lang='lat' dir='ltr'><strong>habet</strong></span> <span class='ocrx_word' id='word_1_343' title='bbox 1073 4044 1209 4106; x_wconf 75' lang='grc' dir='ltr'><strong>ἐπεὶ</strong></span> <span class='ocrx_word' id='word_1_344' title='bbox 1265 4044 1352 4108; x_wconf 72' lang='grc' dir='ltr'><strong>δέ.</strong></span> <span class='ocrx_word' id='word_1_345' title='bbox 1454 4043 1666 4127; x_wconf 81' lang='lat' dir='ltr'><strong>Quam</strong></span> <span class='ocrx_word' id='word_1_346' title='bbox 1718 4044 1771 4105; x_wconf 82' lang='lat' dir='ltr'><strong>si</strong></span> <span class='ocrx_word' id='word_1_347' title='bbox 1822 4042 2199 4128; x_wconf 83' lang='lat' dir='ltr'><strong>probaveris</strong></span> <span class='ocrx_word' id='word_1_348' title='bbox 2251 4040 2471 4104; x_wconf 84' lang='lat' dir='ltr'><strong>lectio·</strong></span> 
     </span>
     <span class='ocr_line' id='line_1_38' title="bbox 269 4141 2466 4232; baseline 0 -24"><span class='ocrx_word' id='word_1_349' title='bbox 269 4165 442 4223; x_wconf 88' lang='lat' dir='ltr'><strong>nem,</strong></span> <span class='ocrx_word' id='word_1_350' title='bbox 487 4167 524 4208; x_wconf 87' lang='lat' dir='ltr'><strong>a</strong></span> <span class='ocrx_word' id='word_1_351' title='bbox 568 4146 874 4231; x_wconf 88' lang='lat' dir='ltr'><strong>particula</strong></span> <span class='ocrx_word' id='word_1_352' title='bbox 919 4141 1072 4211; x_wconf 79' lang='grc' dir='ltr'><em>ὥστ’</em></span> <span class='ocrx_word' id='word_1_353' title='bbox 1114 4145 1421 4232; x_wconf 85' lang='lat' dir='ltr'><strong>apodosis</strong></span> <span class='ocrx_word' id='word_1_354' title='bbox 1465 4149 1587 4210; x_wconf 85' lang='lat' dir='ltr'><strong>erit</strong></span> <span class='ocrx_word' id='word_1_355' title='bbox 1631 4145 1969 4224; x_wconf 81' lang='lat' dir='ltr'><strong>ordienda,</strong></span> <span class='ocrx_word' id='word_1_356' title='bbox 2015 4146 2092 4210; x_wconf 81' lang='lat' dir='ltr'><strong>cf.</strong></span> <span class='ocrx_word' id='word_1_357' title='bbox 2139 4144 2219 4209; x_wconf 76' lang='lat' dir='ltr'><strong>ad</strong></span> <span class='ocrx_word' id='word_1_358' title='bbox 2262 4147 2326 4208; x_wconf 94' lang='lat' dir='ltr'><strong><em>Z</em></strong></span> <span class='ocrx_word' id='word_1_359' title='bbox 2367 4147 2466 4208; x_wconf 82' lang='lat' dir='ltr'><strong>lo.</strong></span> 
     </span>
    </p>
   </div>
   <div class='ocr_carea' id='block_1_3' title="bbox 272 4249 2469 4438">
    <p class='ocr_par' dir='ltr' id='par_1_3' title="bbox 272 4249 2469 4438">
     <span class='ocr_line' id='line_1_39' title="bbox 272 4249 2469 4438; baseline -0.003 -20"><span class='ocrx_word' id='word_1_360' title='bbox 272 4249 675 4418; x_wconf 50' lang='lat'><strong>193324111816</strong></span> <span class='ocrx_word' id='word_1_361' title='bbox 712 4345 917 4415; x_wconf 79' lang='grc' dir='ltr'><strong><em>ἀλλὰ</em></strong></span> <span class='ocrx_word' id='word_1_362' title='bbox 950 4346 1110 4438; x_wconf 80' lang='grc' dir='ltr'><strong>μὴν</strong></span> <span class='ocrx_word' id='word_1_363' title='bbox 1145 4349 1326 4418; x_wconf 76' lang='grc' dir='ltr'><strong><em>οὐδὲ</em></strong></span> <span class='ocrx_word' id='word_1_364' title='bbox 1363 4389 1440 4400; x_wconf 94' lang='grc'>-</span> <span class='ocrx_word' id='word_1_365' title='bbox 1472 4355 1562 4416; x_wconf 76' lang='lat'><strong>2⁰</strong></span> <span class='ocrx_word' id='word_1_366' title='bbox 1597 4347 1993 4438; x_wconf 65' lang='grc' dir='ltr'><strong><em>ἐχόμενόν</em></strong></span> <span class='ocrx_word' id='word_1_367' title='bbox 2025 4357 2268 4419; x_wconf 69' lang='grc' dir='ltr'><strong><em>ἐστιν.</em></strong></span> <span class='ocrx_word' id='word_1_368' title='bbox 2326 4350 2469 4413; x_wconf 88' lang='lat' dir='ltr'><strong>Nec</strong></span> 
     </span>
    </p>
   </div>
  </div>
 </body>
</html>
