3043 4973
1131 246 1209 320 Α
1255 245 1325 320 4.
1364 232 1642 321 9855.-
2390 242 2488 322 ⁷5

275 440 451 489 σαν.
518 423 888 511 Leucippus
932 434 999 487 et
1043 424 1179 488 eius
1210 421 1563 513 discipulus
1607 422 1774 504 (hoc
1805 424 1972 488 enim
2000 422 2343 513 significari
2371 444 2488 491 no-

274 530 449 592 mine
494 530 761 612 ἐταῒρος
801 534 1023 591 monet
1055 524 1145 613 C·
1186 526 1261 592 F.
1299 527 1624 591 Hermann
1667 525 1902 592 Gesch.
1947 551 2009 591 u.
2042 528 2212 615 Syst.
2245 528 2404 593 Plat.
2436 530 2485 593 1.

276 655 340 719 p.
369 631 530 709 284,
574 632 680 695 61.
729 630 808 695 of.
844 626 1130 694 Mullach
1163 629 1515 695 Democrit.
1560 631 1780 719 fragm.
1825 652 1886 716 p.
1921 632 1966 695 9
2010 640 2146 695 not.
2220 632 2489 697 Krische

278 734 744 821 Forschungen
774 752 838 818 p.
876 732 1042 815 145)
1085 733 1506 813 Democritus,
1550 743 1624 799 ut
1661 744 1870 799 motus
1915 737 2185 822 cogitari
2225 737 2492 800 omnino

277 839 486 924 possit
529 858 696 901 neve
741 839 805 903 in
851 836 1195 901 Eleaticam
1241 835 1531 901 recidant
1582 836 2115 917 immobilitatem,
2175 832 2491 903 adversati

279 939 657 1017 Parmenidi,
702 943 810 1027 qui
856 942 1218 1005 universum
1262 938 1519 1027 plenum
1567 960 1708 1006 esse
1754 944 1915 1005 entis
1961 942 2196 1020 statuit,
2240 943 2378 1008 πᾶν
2420 938 2490 1008 δὲ

279 1045 481 1109 πλέον
526 1045 704 1109 ἐστὶν
750 1038 974 1119 ἐόντος
1015 1066 1077 1108 v,
1124 1045 1211 1108 79
1257 1044 1494 1122 Kar-st„
1549 1048 1820 1130 spatium
1876 1064 2144 1110 vacuum
2185 1047 2257 1108 in
2297 1067 2372 1109 re
2416 1067 2492 1109 ac

276 1150 552 1211 veritate
610 1166 753 1211 esse
798 1145 1213 1212 contendunt.
1304 1147 1505 1237 Quod
1564 1146 1817 1234 quidem
1870 1142 2061 1212 κενόν
2117 1164 2491 1234 quamquam

282 1253 368 1315 ita
413 1258 761 1335 opponunt
804 1249 1212 1337 corpusculis,
1256 1272 1421 1337 quae
1462 1253 1542 1315 iis
1587 1260 1735 1316 sunt
1777 1246 1819 1330 ἡ
1863 1244 2250 1337 ὑποκειμένη
2295 1248 2494 1317 οὐσία

281 1355 424 1433 ὸΙΟ,
468 1362 543 1417 ut
576 1353 741 1417 hanc
780 1353 889 1419 δέν
933 1353 1142 1434 (Plut.
1176 1353 1317 1420 adv.
1348 1352 1499 1421 Col.
1532 1378 1595 1441 p.
1630 1356 1844 1434 1109)
1886 1352 1995 1419 vel
2027 1346 2130 1432 ὄν,
2167 1352 2331 1418 illud
2364 1376 2491 1438 μη-

282 1456 394 1520 δὲν
437 1454 548 1520 vel
590 1453 685 1540 μὴ
726 1449 809 1521 ὅν
852 1455 1193 1544 appellent,
1238 1468 1449 1524 tamen
1491 1461 1698 1545 ipsum
1739 1455 1899 1522 illud
1934 1450 2141 1540 μὴ·ὅν
2166 1476 2321 1520 vere
2351 1476 2494 1521 esse

281 1567 591 1637 statuunt,
633 1559 897 1644 perinde
944 1582 1018 1625 ac
1052 1560 1159 1626 vel
1196 1565 1338 1649 ipse
1363 1557 1777 1627 Parmenides
1806 1563 1872 1625 in
1905 1557 2214 1647 opinabili
2239 1557 2352 1624 illa
2385 1580 2493 1648 ge·

279 1663 636 1726 nerationis
694 1663 1120 1751 explicatione
1163 1688 1353 1752 quum
1397 1662 1692 1755 frigidm
1737 1672 2022 1729 naturam
2067 1661 2149 1727 ad
2189 1678 2493 1728 non-ens

278 1765 570 1844 referret,
615 1784 758 1831 esse
805 1789 939 1832 eam
984 1768 1185 1834 nihilo
1231 1771 1436 1835 secius
1477 1767 1703 1846 voluit,
1748 1771 1808 1833 ὅ.
1851 1769 2022 1834 987ae
2062 1768 2120 1845 l,
2161 1765 2269 1831 vel
2308 1765 2493 1832 Plato

280 1878 353 1934 ut
380 1869 709 1957 effugeret
734 1871 1180 1937 Parmenideas
1213 1875 1736 1937 ratiocinationes
1772 1872 2194 1936 exsistentiam
2223 1890 2496 1936 non-en·

281 1975 361 2037 tis
406 1973 944 2059 comprobandam
982 1975 1103 2040 sibi
1135 1981 1398 2062 putavit,
1427 1980 1509 2043 N
1526 1978 1588 2042 2.
1627 1976 1834 2042 1089ae
1853 1976 1902 2038 ⁴2
1932 1997 2067 2061 sqq.
2100 2008 2188 2023 —
2232 1968 2335 2039 διὸ
2364 1976 2496 2054 καὶ,

282 2078 371 2140 ait
412 2077 796 2142 Aristoteles
830 2080 934 2157 ⁶6,
986 2076 1197 2145 οὐθὲν
1237 2078 1499 2164 μᾶλλον
1540 2074 1617 2146 τὸ
1663 2074 1743 2144 ὂν
1784 2079 1911 2144 τοῦ
1951 2073 2043 2162 μὴ
2090 2071 2284 2154 ὄντος
2328 2074 2497 2144 εἷναί

283 2200 512 2270 φασιν,
557 2174 664 2246 ὅτι
706 2178 856 2246 οὐδὲ
898 2175 977 2246 τὸ
1015 2174 1205 2247 κενὸν
1238 2184 1359 2248 τοῦ
1386 2177 1709 2267 σώματος.
1779 2184 2073 2247 Extrema
2100 2180 2296 2245 verba
2328 2180 2494 2247 adeo

282 2282 627 2348 manifesto
672 2295 821 2347 sunt
865 2295 1196 2371 corrupta,
1251 2296 1323 2351 ut
1372 2307 1507 2351 non
1562 2285 2002 2351 abstinuissem
2047 2306 2084 2348 a
2127 2282 2497 2372 recipienda

284 2391 351 2451 in
379 2397 622 2453 textum
650 2391 1036 2468 coniectura,
1062 2391 1118 2453 si
1148 2391 1299 2454 satis
1332 2389 1578 2454 facilem
1609 2391 1989 2454 invenissem
2019 2386 2346 2454 medelam.
2401 2389 2497 2453 Ut

283 2493 474 2572 enim,
523 2492 697 2578 quod
742 2491 836 2557 rei
879 2503 1103 2558 natura
1147 2493 1423 2581 flagitat,
1467 2489 1546 2559 τὸ
1589 2489 1779 2559 κενόν
1824 2502 2228 2580 comparetur
2266 2495 2360 2575 τῷ
2400 2490 2495 2577 μὴ

285 2590 455 2674 ὄντι,
513 2590 592 2661 τὸ
638 2597 830 2681 σῶμα
862 2607 1082 2661 autem
1122 2599 1219 2681 τῷ
1265 2590 1433 2676 ὄντι,
1478 2596 1882 2662 scribendum
1936 2605 2034 2660 est
2075 2590 2181 2660 ὅτι
2224 2592 2373 2661 οὐδὲ
2411 2590 2494 2661 τὸ

285 2703 481 2785 σῶμα
514 2701 638 2764 τοῦ
669 2703 863 2766 κενοῦ
892 2699 998 2765 vel
1033 2700 1236 2766 simile
1279 2700 1615 2787 quidpiam,
1660 2698 1848 2786 quale
1893 2701 2076 2763 etiam
2115 2709 2364 2765 veteres
2400 2702 2495 2763 in-

285 2813 602 2889 terpretes
634 2802 1007 2889 explicuisse
1040 2807 1340 2870 coniicias
1372 2803 1542 2869 Asel.
1572 2827 1635 2890 p.
1658 2804 1820 2868 538⁶
1844 2803 1950 2867 31.
1998 2800 2173 2868 Alex.
2205 2827 2269 2890 p.
2294 2805 2399 2883 27,
2434 2805 2495 2869 5.

289 2946 369 2959 —-
416 2908 553 2972 lam
599 2910 781 2972 sicuti
826 2910 1241 2993 antiquissimi
1276 2906 1646 2994 philosophi
1675 2929 1863 2994 quum
1894 2928 2079 2972 unam
2111 2906 2498 2972 subiicerent

282 3012 480 3076 rebus
524 3013 879 3090 materiam,
919 3013 1288 3076 varietatem
1333 3031 1542 3077 rerum
1586 3018 1887 3097 repetunt
1929 3031 2005 3075 ex
2049 3013 2266 3100 primis
2309 3013 2496 3077 huius

282 3118 591 3180 materiae
636 3111 1100 3193 affectionibus,
1148 3114 1655 3181 condensatione
1691 3125 1754 3179 et
1784 3118 2229 3179 extenuatione
2273 3116 2493 3200 (Phys.

284 3220 317 3283 1
347 3222 409 3284 4.
445 3219 616 3285 187ae
643 3220 754 3283 12:
798 3222 865 3282 οἱ
907 3219 1027 3302 μὲν
1068 3211 1197 3305 γὰρ
1242 3218 1312 3284 ἓν
1355 3215 1749 3299 ποιήσαντες
1783 3212 1862 3282 τὸ
1898 3212 1977 3283 ὃν
2012 3218 2203 3301 σῶμα
2230 3210 2307 3281 τὸ
2333 3216 2497 3282 ὑπο-

288 3325 594 3407 κείμενον
637 3357 725 3371 --
769 3310 985 3386 τᾶλλα
1040 3323 1315 3405 γεννῶσι
1367 3317 1723 3400 πυκνότητι
1765 3323 1877 3386 καὶ
1919 3315 2240 3405 μανότητι
2282 3312 2497 3385 πολλὰ

287 3428 650 3500 ποιοῦντες.
698 3423 781 3488 de
825 3445 973 3513 gen.
1018 3425 1111 3489 111
1154 3426 1214 3490 5.
1260 3427 1423 3491 303⁶
1462 3426 1610 3506 13),
1659 3427 1744 3489 ita
1792 3428 2122 3489 atomistae
2167 3444 2242 3488 ex
2284 3424 2498 3510 primis

289 3541 649 3596 atomorum
698 3528 1077 3593 differentiis
1122 3522 1285 3610 (τὰς
1329 3524 1661 3622 διαφορὰς
1694 3530 1841 3607 ὀ13,
1884 3550 1972 3593 sc.
2020 3530 2149 3593 τῶν
2193 3523 2498 3612 ἀτόμων)

286 3634 608 3699 diversam
652 3651 864 3698 rerum
898 3643 1185 3698 naturam
1218 3632 1531 3719 explicare
1559 3631 1955 3709 studuerunt,
1999 3641 2320 3717 ponentes
2348 3641 2501 3695 tam-

285 3761 475 3824 quam
520 3739 829 3823 principia
876 3736 1375 3803 differentiarum
1407 3731 1664 3824 ῥυσμόν
1705 3734 1828 3815 (cf.
1863 3733 2250 3823 Trendelbg.
2286 3734 2370 3799 de
2399 3753 2500 3799 an.

288 3864 352 3928 p.
381 3842 537 3908 214.
597 3840 870 3906 Brandis
917 3840 1151 3908 Gesch.
1196 3842 1242 3906 1.
1289 3864 1353 3929 p.
1386 3842 1538 3905 314.
1599 3838 1882 3904 Mullach
1917 3840 2216 3905 Democr.
2261 3861 2324 3925 p.
2375 3840 2503 3904 132

290 3951 468 4033 sqq.)
516 3940 844 4028 διαθιγήν
890 3945 1217 4026 (Mullach
1253 3943 1295 4009 l.
1327 3942 1369 4008 l.
1414 3966 1482 4031 p.
1510 3943 1683 4025 262)
1726 3938 1997 4033 τροπήν,
2041 3944 2103 4008 h.
2137 3965 2191 4008 e.
2235 3944 2502 4008 formam

292 4060 357 4115 et
398 4049 700 4115 ordinem
747 4057 813 4112 et
854 4051 1271 4134 positionem3
1332 4057 1395 4112 et
1451 4047 1833 4113 diversitatis
1880 4047 2131 4134 quidem
2177 4069 2294 4134 per
2333 4050 2505 4134 ‘posi-

291 4158 530 4220 tionem
580 4153 855 4218 effectae
899 4154 1074 4240 quod
1119 4156 1198 4220 Ν
1234 4162 1299 4218 et
1344 4153 1407 4216 Z
1442 4175 1565 4239 pro
1612 4151 1900 4240 exemplo
1949 4152 2162 4232 affert,
2221 4155 2505 4241 cogitan·
2591 4154 2614 4180 ⁰

289 4258 437 4325 dum
498 4259 794 4323 nimirum
853 4268 951 4323 est
1008 4257 1091 4322 de
1150 4260 1596 4344 antiquissimis
1640 4257 1858 4323 harum
1902 4256 2221 4323 literarum
2263 4255 2503 4346 figuriS,

288 4386 452 4450 quae
514 4362 686 4429 adeo
743 4360 867 4428 sibi
926 4372 1071 4428 sunt
1129 4360 1385 4441 affines,
1432 4370 1514 4426 *ut
1570 4364 1623 4426 si
1671 4361 1874 4428 altera
1917 4360 2260 4427 inclinetur
2301 4360 2502 4424 altera
