3043 4973
410 248 420 257 ·
496 253 641 330 504
1012 340 1021 349 ,
1314 254 1394 339 A
1442 247 1512 323 s.
1598 246 1865 323 1073a.

496 424 667 496 εἶναι
706 421 865 495 ἄνευ
904 421 1094 507 ὕλης·
1150 423 1406 501 ἀϊδίους
1447 416 1577 509 γὰρ
1623 423 1751 501 δεῖ,
1806 421 1894 486 ibi
1953 419 2120 484 enim
2173 417 2326 483 licet
2348 414 2354 421 ’
2374 413 2696 503 quidpiam

495 530 919 621 significatum
963 532 1073 610 sit,
1130 526 1304 616 quod
1348 528 1474 592 huc
1514 528 1823 614 pertinet,
1879 534 2089 588 tamen
2145 540 2539 607 nequaquam
2590 539 2697 582 res

494 638 585 700 ita
628 634 911 701 discussa
955 642 1056 698 est
1100 644 1167 698 et
1208 630 1667 707 demonstrata,
1718 636 1791 692 ut
1832 647 1914 691 eo
1958 628 2166 712 possit
2209 624 2483 689 lectores
2528 620 2699 686 able-

493 758 669 826 gare.
757 739 1045 822 Respicit
1085 738 1301 822 potius
1348 731 1428 797 ad
1474 733 1667 817 Phys.
1698 731 1857 795 VIII
1900 731 2005 794 lss.
2047 730 2209 794 267⁶
2248 728 2328 793 17
2374 747 2542 811 sqq„
2586 723 2699 789 ubi

496 840 753 906 uberius
811 849 876 903 et
922 841 1273 903 accuratius
1318 835 1404 900 de
1449 834 1671 899 eadem
1717 853 1788 898 re
1833 835 2196 919 exponitur,
2254 829 2334 895 cf.
2381 828 2464 893 de
2507 827 2698 892 coelo

495 944 525 1008 1
569 947 629 1010 7.
672 944 834 1007 275⁶
870 943 975 1005 22.
1021 980 1110 994 --
1165 941 1486 1006 Summum
1541 938 1920 1023 principium
1976 954 2242 1000 movens
2299 952 2434 997 non
2482 940 2702 1016 potest

497 1066 642 1110 esse
683 1043 1087 1131 magnitudo,
1147 1046 1291 1128 quia
1337 1044 1390 1107 si
1439 1048 1608 1104 esset
1633 1028 2052 1126 magnitudo,
2110 1046 2220 1101 aut
2275 1034 2514 1098 finitam
2561 1055 2701 1098 eam

498 1169 641 1216 esse
685 1156 1020 1234 oporteret
1060 1156 1171 1210 aut
1212 1143 1555 1219 infinitam3
1613 1152 1680 1205 at
1730 1141 1914 1205 finita
1960 1138 2334 1228 magnitudo
2380 1157 2513 1202 non
2557 1147 2703 1223 pot-

497 1261 599 1318 est
638 1261 879 1316 motum
924 1247 1182 1314 efficere
1227 1247 1542 1312 infinitum
1588 1243 1709 1326 (cf.
1740 1244 1933 1329 Phys.
1964 1244 2008 1308 l.
2031 1244 2135 1323 1.),
2178 1241 2423 1307 infinita
2459 1242 2703 1325 magui-

493 1351 655 1419 tudo
702 1355 969 1418 omnino
1013 1370 1146 1415 non
1187 1359 1404 1437 potest
1447 1370 1605 1427 esse,
1650 1347 1731 1412 cf.
1765 1348 1958 1432 Phys.
1994 1346 2085 1410 111
2117 1348 2180 1410 5.
2239 1343 2322 1408 de
2352 1341 2539 1407 coelo
2571 1343 2601 1405 1
2635 1345 2699 1408 5.

496 1455 676 1523 Idem
719 1455 800 1520 ab
848 1457 1021 1520 omni
1058 1455 1411 1519 mutatione
1449 1462 1516 1517 et
1550 1451 1896 1516 affectione
1933 1453 2210 1514 immune
2247 1456 2359 1524 est,
2404 1449 2550 1531 quia
2580 1466 2703 1510 nec

497 1556 694 1626 locali
738 1559 938 1624 motui
982 1554 1335 1621 subiectum
1384 1565 1509 1634 est,
1555 1565 1745 1641 atque
1790 1556 1845 1617 is
1889 1563 2098 1618 tamen
2143 1553 2380 1639 primus
2428 1560 2525 1614 est
2565 1570 2705 1614 mo..

499 1672 624 1743 tus,
669 1662 749 1727 cf.
794 1661 877 1726 ad
922 1661 1125 1725 lom
1163 1660 1226 1724 8.

1348 1910 1576 1985 CAP.
1638 1910 1849 1985 VIII.

637 2058 812 2135 Quot
856 2059 990 2121 sint
1032 2078 1299 2121 nurnero
1333 2056 1672 2141 principia
1716 2063 1984 2117 aeterna
2027 2053 2368 2117 moventia.

627 2173 1004 2239 Ponendum
1064 2177 1328 2238 omnino
1384 2194 1527 2237 esse
1571 2173 1946 2255 principium
1990 2181 2199 2235 motus
2241 2167 2566 2234 immobile
2608 2166 2705 2231 id-

498 2293 622 2360 que
664 2275 1042 2359 principium
1091 2272 1357 2358 simplex
1400 2282 1627 2337 natura
1673 2284 1977 2357 oportere
2022 2294 2163 2338 esse
2207 2293 2399 2358 supra
2444 2270 2705 2336 demon-

495 2379 746 2453 stravit,
791 2376 906 2440 sed
953 2385 1137 2441 caute
1180 2361 1366 2443 simul
1411 2375 1696 2440 distinxit
1738 2376 1858 2455 (cf.
1899 2376 1980 2440 ad
2018 2379 2077 2442 7.
2111 2378 2323 2442 1072a
2346 2377 2475 2454 32)
2519 2371 2705 2437 nihil-

498 2478 645 2544 dum
694 2477 1075 2552 destinatum
1123 2502 1263 2545 esse
1302 2477 1383 2544 de
1422 2482 1559 2545 eius
1597 2481 1893 2565 principii
1934 2501 2218 2558 numero,
2264 2490 2470 2546 utrum
2509 2497 2703 2541 unum

496 2585 577 2647 sit
635 2604 901 2648 numero
958 2605 1041 2648 an
1097 2584 1311 2670 plura,
1371 2593 1438 2647 et
1479 2586 1535 2646 si
1582 2582 1791 2668 plura,
1851 2586 1955 2668 qui
2011 2587 2093 2647 sit
2137 2605 2354 2648 eorum
2401 2580 2704 2645 definitus

497 2693 811 2764 numerus,
858 2708 1048 2771 quum
1094 2687 1406 2752 infinitum
1456 2708 1597 2751 esse
1642 2706 1775 2751 non
1822 2706 2014 2771 posse
2060 2709 2132 2751 ex
2169 2689 2323 2772 ipsis
2358 2684 2588 2749 infiniti
2627 2705 2706 2747 ac

494 2791 786 2875 principii
830 2790 1209 2855 notionibus
1255 2800 1523 2855 constet.
1592 2791 1747 2856 Eam
1783 2793 2220 2876 quaestionem
2261 2810 2433 2854 nunc
2466 2786 2545 2852 ad
2580 2785 2707 2851 dis·

497 2891 874 2978 ceptandum
919 2895 1250 2979 proponit.

626 2998 710 3074 a)
756 2997 967 3060 1o73a
994 2997 1079 3060 15
1118 2987 1328 3059 ἀλλὰ
1366 3029 1451 3044 -
1492 2996 1583 3059 22
1620 2992 2220 3075 ἀποδεικτικῆς.
2289 2996 2704 3080 Superiorum

494 3097 1025 3185 philosophorum
1082 3095 1312 3182 placita
1372 3094 1790 3186 (ἀποφάσεις
1832 3101 1999 3177 016,
2057 3104 2095 3163 i.
2137 3122 2190 3163 e.
2249 3095 2514 3182 γνώμας
2568 3100 2705 3161 sive
2753 3083 2760 3090 ’

496 3198 737 3282 δόξας)
784 3222 974 3289 quum
1021 3198 1329 3265 adhibere
1372 3203 1439 3266 in
1486 3201 1902 3267 discutiendis
1948 3203 2426 3288 quaestionibus
2463 3202 2706 3265 Aristo-

495 3297 658 3370 t'eles
704 3304 915 3369 soleat
958 3304 1082 3385 (cf.
1124 3303 1204 3368 ad
1251 3306 1323 3370 A
1363 3307 1424 3371 3.
1470 3307 1633 3371 983⁶
1669 3308 1779 3386 l),
1837 3305 2168 3370 hocloco
2213 3306 2584 3371 brevissime
2628 3324 2705 3367 ea

498 3428 1028 3473 commemorasse
1071 3411 1221 3472 satis
1268 3409 1505 3474 habere
1548 3418 1782 3495 potest.
1821 3401 2079 3495 *Neque
2126 3412 2293 3474 enim
2334 3412 2489 3474 certi
2526 3404 2707 3493 quid-

497 3532 682 3596 quam
727 3510 812 3576 de
857 3510 1169 3575 eiusmodi
1211 3514 1668 3597 principiorum
1713 3531 1979 3576 numero
2027 3509 2431 3576 definierunt.
2511 3509 2706 3576 Ideae

498 3613 814 3693 Platonis,
872 3613 1027 3678 licet
1079 3634 1200 3699 pro
1258 3616 1588 3699 principiis
1643 3613 2047 3679 moventibus
2103 3614 2326 3679 haberi
2383 3619 2708 3700 nequeant

448 3697 464 3714 ’
498 3716 619 3797 (cf.
650 3717 725 3782 A
753 3718 813 3781 7.
844 3718 1006 3783 988⁶
1030 3717 1135 3797 3),
1174 3727 1384 3781 tamen
1424 3739 1613 3802 quum
1653 3739 1771 3804 pro
1810 3719 2136 3804 principiis
2177 3719 2456 3781 omnium
2494 3737 2706 3781 rerum

494 3840 739 3905 eaeque
782 3819 1001 3905 plures
1047 3840 1312 3885 numero
1356 3822 1608 3907 positae
1653 3824 1807 3900 sint,
1867 3841 2051 3906 quam
2098 3842 2232 3885 non
2278 3806 2582 3884 definitus
2621 3820 2708 3883 sit

494 3943 791 3988 numerus
826 3944 1044 3989 eorum
1075 3934 1313 3992 monet.
1374 3924 1590 4008 Quum
1613 3926 1779 3987 enim
1811 3923 1986 3988 ideas
2015 3946 2136 4011 per
2164 3943 2568 3988 numerorum
2595 3942 2707 3985 na-

492 4036 697 4091 turam
741 4029 996 4113 signare
1045 4037 1109 4091 et
1153 4026 1422 4093 definire
1467 4027 1587 4091 sibi
1619 4026 1974 4105 videantur,
2017 4047 2238 4113 parum
2275 4025 2369 4090 illi
2401 4026 2523 4090 sibi
2553 4042 2707 4089 con-

491 4138 677 4207 stant,
716 4128 1023 4214 siqnidem
1064 4130 1262 4194 modo
1298 4133 1460 4193 intra
1500 4129 1828 4193 denarium
1865 4131 2704 4216 numerum-generationem

495 4252 904 4299 numerorum
951 4231 1249 4296 idealium
1298 4233 1819 4297 circumscribunt
1862 4232 1981 4312 (cf.
2016 4231 2093 4296 ad
2130 4233 2219 4297 M
2239 4235 2300 4298 8.
2337 4233 2550 4296 1084a
2574 4232 2703 4309 12)

492 4336 687 4404 modo
748 4338 814 4401 in
872 4334 1188 4401 infinitum
1247 4332 1592 4401 extendere
1651 4335 1965 4420 videntur.
2057 4336 2131 4400 In
2175 4335 2272 4401 his
2317 4331 2706 4423 imaginandi
