3043 4973
1136 238 1213 306 Z
1260 233 1371 308 ll.
1457 235 1641 311 1037
1656 259 1725 311 a.
2386 239 2523 314 341

324 409 526 495 Soph.
559 409 765 476 2181).
812 409 1075 474 Theaet.
1111 413 1238 477 147
1255 436 1309 478 c.
1355 412 1492 478 Pol.
1524 414 1655 479 257
1671 437 1723 478 c.
1791 413 2006 479 Altera
2052 414 2398 481 Alexandri
2434 418 2529 482 in-

322 518 699 600 terpretatio
747 516 933 579 unice
976 525 1196 601 potest
1237 515 1528 602 probari,
1575 518 1655 583 cf.
1700 520 2025 583 Hermann
2069 518 2229 585 Plat.
2273 518 2433 585 Phil.
2476 521 2524 585 1.

318 640 381 704 p.
415 619 609 695 661.)
700 619 949 682 Etenim
992 618 1218 697 homo,
1262 623 1561 705 quoniam
1606 621 1834 686 animal
1882 632 1978 687 est
2021 621 2349 702 sensibile,
2390 644 2527 689 non

320 730 536 806 potest
577 725 844 809 cogitari
883 725 1020 786 sine
1058 721 1342 807 partibus
1379 723 1787 789 sensibilibus
1833 719 2033 807 (ἄνευ
2073 722 2399 806 κινήσεως,
2445 726 2526 792 cf.

318 821 401 886 ad
444 824 511 887 E
550 826 609 888 1.
655 827 1015 906 1026oe3),
1074 847 1149 889 ac
1205 829 1473 890 vicissim
1532 827 1653 892 hae
1709 839 1923 913 partes
1981 829 2335 895 materiales
2390 851 2524 895 non

317 939 465 992 sunt
512 939 724 1014 partes
762 929 1051 1007 hominis,
1094 931 1218 993 nisi
1259 951 1333 993 ex
1372 932 1578 994 anima
1618 934 1980 1018 acceperint
2017 953 2177 1010 eum,
2220 931 2304 997 ad
2338 955 2523 1019 quem

316 1030 600 1109 tendant,
631 1032 841 1108 finem,
864 1032 1007 1108 ⁶31,
1032 1034 1137 1110 32,
1168 1033 1248 1097 cf.
1274 1034 1377 1097 10.
1406 1036 1610 1100 10:351»
1633 1036 1739 1100 23.
1788 1034 2025 1100 Trend.
2053 1034 2133 1100 de
2157 1057 2256 1100 an.
2283 1059 2345 1122 p.
2368 1038 2540 1102 3312

315 1135 725 1201 substantiae
773 1133 1145 1222 dignitatem
1193 1137 1444 1214 (1037a
1486 1142 1557 1203 5:
1600 1135 1645 1218 ἡ
1691 1135 1885 1204 οὐδία
1932 1136 1972 1219 ἡ
2018 1136 2270 1226 πρώτη,
2316 1140 2393 1205 cf.
2440 1139 2523 1205 ad

313 1242 376 1320 7.
427 1240 629 1304 1032b
674 1242 754 1320 1)
799 1242 865 1302 in
911 1238 1009 1303 his
1060 1244 1423 1306 necessario
1481 1245 1689 1305 anima
1746 1241 1866 1307 sibi
1924 1241 2234 1321 vindicat3
2290 1264 2522 1330 corpus

312 1341 697 1408 substratum
746 1352 843 1407 est
884 1352 1196 1429 tamquam
1241 1347 1525 1422 materia;
1585 1346 1779 1410 homo
1824 1355 2061 1425 autem,
2117 1351 2170 1411 si
2223 1350 2521 1413 universe

311 1468 457 1511 enm
503 1445 762 1524 dixeris,
823 1470 898 1511 ex
942 1458 1212 1533 utraque
1258 1459 1322 1512 et
1366 1450 1568 1513 forma
1614 1460 1680 1514 et
1723 1452 1984 1513 materia
2029 1454 2324 1515 universe
2369 1472 2522 1515 con·

311 1561 495 1636 cepta
542 1549 795 1629 coaluit,
847 1550 926 1615 cf.
974 1550 1055 1614 ad
1103 1553 1204 1615 10.
1255 1554 1457 1617 10355
1497 1554 1602 1617 27.
1692 1547 2066 1639 Σωκράτης
2108 1555 2177 1618 δὲ
2219 1555 2333 1618 καὶ
2375 1554 2518 1620 Κο-

308 1657 565 1740 ρίσκος,
626 1660 680 1719 εὶ
724 1656 843 1738 μὲν
886 1657 998 1720 καὶ
1046 1652 1086 1734 ἡ
1130 1649 1328 1740 ψυχή,
1374 1651 1595 1722 διττόν
1632 1657 1744 1720 a7.
1834 1658 2010 1721 Haec
2053 1656 2246 1722 verba
2292 1657 2519 1723 obscu-

308 1759 443 1822 rius
490 1757 657 1823 dicta
702 1760 872 1824 hunc
915 1758 1213 1823 videntur
1255 1763 1320 1823 in
1367 1758 1624 1825 modum
1680 1759 2052 1846 accipienda
2103 1782 2267 1826 esse:
2327 1766 2380 1826 εὶ
2423 1754 2516 1845 μὴ

304 1857 521 1945 μόνον
562 1855 643 1928 τὸ
689 1866 881 1947 σῶμα
919 1866 1173 1947 λέγεται
1200 1859 1590 1948 Σωκράτης,
1634 1857 1809 1929 ἀλλὰ
1838 1867 1947 1934 καὶ
1988 1862 2029 1944 ἡ
2066 1859 2268 1955 ψυχή.
2342 1867 2518 1951 Apo-

308 1965 485 2030 dosis
533 1978 773 2045 autem,
818 1977 888 2031 ut
932 1978 1105 2032 recte
1148 1972 1605 2054 interpretatur
1651 1967 1828 2033 Alex.
1872 1992 1935 2054 p.
1970 1969 2115 2047 484,
2161 1971 2270 2044 11,
2315 1971 2517 2033 conti-

305 2079 496 2135 netur
536 2074 601 2135 in
642 2095 701 2134 v.
741 2067 977 2150 διττόν,
1019 2075 1059 2136 i.
1095 2095 1149 2137 e.
1195 2066 1417 2138 διττὸν
1461 2073 1643 2136 ἔσται
1688 2069 1755 2151 ἐξ
1801 2069 2009 2149 εἴδους
2050 2074 2163 2137 καὶ
2203 2067 2381 2151 ὕλης.
2450 2074 2514 2136 οἱ

302 2176 427 2257 μὲν
470 2169 600 2259 γὰρ
643 2178 797 2251 (int.
830 2178 1051 2262 ἐροῦσι
1079 2169 1198 2241 τὸν
1228 2172 1644 2261 Σωκράτην)
1689 2172 1774 2250 ὡς
1816 2170 2056 2265 ψυχήν,
2100 2178 2162 2240 οἱ
2208 2173 2265 2239 δ’
2308 2172 2395 2251 ὡς
2436 2168 2515 2239 τὸ

304 2271 607 2343 σύνολον.
676 2279 791 2343 Sin
829 2289 1038 2343 autem
1074 2299 1208 2343 non
1244 2281 1628 2343 coniunctim
1661 2282 2044 2366 cogitaveris
2073 2279 2338 2343 formam
2373 2301 2515 2343 cum

303 2384 597 2461 materia,
643 2386 909 2447 animam
957 2405 1096 2447 cum
1143 2404 1448 2468 corpore,
1500 2381 1615 2447 sed
1660 2381 2030 2468 simpliciter
2075 2381 2307 2447 dixeris
2350 2381 2514 2445 banc

302 2490 601 2564 animam,
659 2486 787 2551 hoc
843 2508 1104 2572 corpuS,
1164 2510 1327 2573 quae
1385 2490 1681 2551 universe
1739 2497 1876 2550 erat
1927 2489 2095 2550 inter
2136 2488 2402 2551 animam
2451 2496 2515 2550 et

302 2608 537 2676 corpus
582 2593 762 2668 rati0,
811 2591 1032 2655 eadem
1077 2593 1245 2655 inter
1287 2591 1452 2655 hanc
1494 2611 1682 2655 unam
1729 2593 1995 2654 animam
2044 2596 2110 2652 et
2152 2589 2279 2654 hoc
2319 2611 2513 2654 unum

303 2716 540 2780 corpus
596 2694 996 2759 intercedere
1051 2693 1332 2778 putanda
1393 2706 1517 2772 est,
1575 2689 1792 2779 ὥσπερ
1843 2685 1921 2758 τὸ
1964 2688 2300 2771 καθόλου,
2357 2696 2511 2773 (int.

300 2794 516 2879 οὕτω)
557 2801 670 2863 καὶ
713 2791 790 2863 τὸ
834 2794 1000 2862 καθ’
1039 2801 1333 2863 ἕκαστον.
1419 2796 1795 2861 Particulam
1841 2819 1926 2876 τε,
1971 2819 2155 2882 quam
2201 2806 2353 2882 post
2392 2819 2512 2860 xa-

300 2898 525 2967 θόλου
572 2913 636 2967 et
681 2902 835 2966 editi
879 2899 1026 2965 libri
1073 2911 1137 2964 et
1178 2903 1398 2987 scripti
1436 2911 1505 2966 ut
1541 2900 1840 2966 videntur
1878 2921 2101 2965 omnes
2138 2901 2391 2980 habent,
2437 2923 2510 2965 ex

302 3005 651 3070 Alexandri
696 3007 1073 3069 auctoritate
1118 3005 1327 3083 omisi,
1372 3005 1718 3095 flagitante,
1767 3007 1890 3069 nisi
1935 3004 2142 3084 fallor,
2186 3008 2323 3092 ipsa
2370 3026 2512 3071 sen-

299 3113 540 3175 tentiae
584 3112 854 3174 ratione.

436 3207 644 3279 Omisi
685 3215 1009 3298 hucusque
1050 3215 1119 3277 in
1161 3215 1688 3299 interpretatione
1731 3234 1805 3276 ea
1848 3211 2042 3276 verba
2078 3214 2212 3277 ⁶32
2252 3212 2400 3297 περὶ
2440 3212 2511 3276 δὲ

298 3357 389 3368 ——
426 3321 517 3383 αὖ
562 3314 797 3397 νοητή,
855 3316 1082 3403 quibus
1127 3317 1235 3381 Ar.
1286 3315 1366 3379 ad
1422 3316 1892 3381 mathematicas
1950 3337 2052 3379 res
2111 3314 2510 3380 definiendas

298 3442 437 3485 non
470 3443 608 3485 esse
641 3420 1060 3485 adhibendam
1096 3423 1417 3485 materiam
1453 3419 1663 3498 docet,
1698 3423 1844 3505 quia
1877 3423 2326 3486 sententiarum
2363 3441 2512 3484 con-

300 3528 654 3591 tinuitatem
700 3529 1065 3610 importune
1109 3527 1587 3608 interrumpunt,
1634 3545 1822 3608 quum
1869 3526 2184 3609 aptissime
2230 3525 2398 3587 inter
2441 3544 2512 3586 se

300 3629 687 3694 cohaereant
721 3649 894 3719 ‘quae
924 3637 1128 3706 antea,
1168 3629 1315 3704 ⁶32,
1362 3637 1426 3691 et
1455 3648 1619 3713 quae
1646 3637 1892 3713 postea,
1934 3629 2041 3704 «15,
2087 3626 2507 3713 disputantur.

301 3734 398 3796 Ea
443 3736 590 3798 iusti
637 3730 880 3796 ordinis
925 3730 1322 3816 perturbatio
1361 3752 1507 3794 num
1549 3732 1746 3815 ipsius
1784 3729 2142 3795 Aristotelis
2180 3729 2513 3819 negligen-

301 3839 430 3900 tiae
475 3839 557 3900 sit
601 3831 958 3910 tribuenda,
1004 3855 1102 3921 an,
1151 3832 1324 3919 quod
1371 3833 1577 3901 voluit
1608 3834 1781 3900 Alex.
1818 3856 1881 3918 p.
1916 3835 2063 3911 483,
2097 3835 2202 3910 20,
2249 3832 2512 3897 editoris

300 3942 615 4018 incuriae,
674 3960 809 4003 non
852 3958 1113 4025 possum
1160 3935 1452 4023 equidem
1500 3937 1862 4003 decernere.
1914 3974 1993 3988 —
2043 3937 2230 4022 Quae
2274 3936 2353 4001 ab
2403 3938 2515 3999 ini-

301 4045 396 4108 tio
438 4043 742 4108 babemus
783 4044 938 4107 1133:
986 4033 1097 4105 διὰ
1141 4042 1206 4105 τί
1253 4037 1369 4105 οὐκ
1415 4043 1539 4105 εἰσὶ
1580 4045 1745 4127 μέρη
1790 4044 1852 4105 οἱ
1892 4035 2082 4124 λόγοι
2118 4042 2246 4105 τῶν
2284 4036 2514 4125 λόγων,

300 4145 644 4211 admodum
691 4145 1096 4234 negligenter
1140 4147 1402 4229 scripta,
1458 4166 1532 4208 ex
1590 4143 1799 4208 verbis
1858 4147 2144 4230 proxime
2196 4148 2514 4230 sequenti-

298 4251 424 4317 bus
469 4250 640 4314 hunc
684 4254 750 4316 in
786 4248 1041 4314 modum
1077 4257 1342 4335 apparet
1368 4246 1786 4335 intelligenda
1817 4270 1986 4313 esse:
2032 4241 2143 4314 διὰ
2179 4249 2243 4312 τί
2282 4250 2346 4311 οἱ
2386 4247 2516 4311 τῶν

300 4356 520 4441 μερῶν
556 4348 744 4438 λόγοι
779 4350 896 4419 οὐκ
932 4354 1096 4419 εἰσὶν
1133 4356 1203 4419 ἐν
1237 4353 1330 4436 τῷ
1367 4353 1487 4418 τοῦ
1520 4346 1683 4418 ὅλου
1715 4350 1909 4438 λόγῳ.
1938 4393 2021 4405 -—
2054 4355 2156 4418 De
2187 4347 2514 4438 cogitabili
