<?xml version="1.0" encoding="UTF-8"?>
<!DOCTYPE html PUBLIC "-//W3C//DTD XHTML 1.0 Transitional//EN"
    "http://www.w3.org/TR/xhtml1/DTD/xhtml1-transitional.dtd">
<html xmlns="http://www.w3.org/1999/xhtml" xml:lang="en" lang="en">
 <head>
  <title>
</title>
<meta http-equiv="Content-Type" content="text/html;charset=utf-8" />
  <meta name='ocr-system' content='tesseract 3.04.00' />
  <meta name='ocr-capabilities' content='ocr_page ocr_carea ocr_par ocr_line ocrx_word'/>
</head>
<body>
  <div class='ocr_page' id='page_1' title='image "aristotelismeta02bonigoog_0175.png"; bbox 0 0 3043 4973; ppageno 0'>
   <div class='ocr_carea' id='block_1_1' title="bbox 1141 239 2516 318">
    <p class='ocr_par' dir='ltr' id='par_1_1' title="bbox 1141 239 2516 318">
     <span class='ocr_line' id='line_1_1' title="bbox 1141 239 2516 318; baseline 0.003 -4"><span class='ocrx_word' id='word_1_1' title='bbox 1141 239 1217 314; x_wconf 84' lang='grc' dir='ltr'><strong><em>Β</em></strong></span> <span class='ocrx_word' id='word_1_2' title='bbox 1248 239 1333 314; x_wconf 83' lang='grc'><strong>’4.</strong></span> <span class='ocrx_word' id='word_1_3' title='bbox 1417 239 1599 315; x_wconf 73' lang='lat'>10⁰1</span> <span class='ocrx_word' id='word_1_4' title='bbox 1619 261 1688 314; x_wconf 76' lang='lat' dir='ltr'><strong>u.</strong></span> <span class='ocrx_word' id='word_1_5' title='bbox 2376 242 2516 318; x_wconf 71' lang='lat'><strong>163</strong></span> 
     </span>
    </p>
   </div>
   <div class='ocr_carea' id='block_1_2' title="bbox 302 414 2547 4361">
    <p class='ocr_par' dir='ltr' id='par_1_2' title="bbox 306 414 2518 2255">
     <span class='ocr_line' id='line_1_2' title="bbox 312 414 2518 505; baseline 0.001 -22"><span class='ocrx_word' id='word_1_6' title='bbox 312 417 683 483; x_wconf 81' lang='lat' dir='ltr'><strong>substantiis</strong></span> <span class='ocrx_word' id='word_1_7' title='bbox 730 436 873 482; x_wconf 87' lang='lat' dir='ltr'><strong>esse</strong></span> <span class='ocrx_word' id='word_1_8' title='bbox 915 414 1227 496; x_wconf 78' lang='lat' dir='ltr'><strong>habenda,</strong></span> <span class='ocrx_word' id='word_1_9' title='bbox 1269 416 1425 483; x_wconf 77' lang='lat' dir='ltr'><strong>inde</strong></span> <span class='ocrx_word' id='word_1_10' title='bbox 1462 416 1739 484; x_wconf 73' lang='lat' dir='ltr'><strong>effieitrxr</strong></span> <span class='ocrx_word' id='word_1_11' title='bbox 1778 427 1872 498; x_wconf 79' lang='lat' dir='ltr'><strong>ut,</strong></span> <span class='ocrx_word' id='word_1_12' title='bbox 1905 440 2096 505; x_wconf 86' lang='lat' dir='ltr'>quum</span> <span class='ocrx_word' id='word_1_13' title='bbox 2122 416 2518 488; x_wconf 79' lang='lat' dir='ltr'><strong>substantiae</strong></span> 
     </span>
     <span class='ocr_line' id='line_1_3' title="bbox 312 521 2517 610; baseline 0.001 -23"><span class='ocrx_word' id='word_1_14' title='bbox 312 521 626 610; x_wconf 79' lang='lat' dir='ltr'>dignitate</span> <span class='ocrx_word' id='word_1_15' title='bbox 670 542 748 587; x_wconf 88' lang='lat' dir='ltr'><strong>ea</strong></span> <span class='ocrx_word' id='word_1_16' title='bbox 789 523 1038 607; x_wconf 76' lang='lat' dir='ltr'><strong>privata</strong></span> <span class='ocrx_word' id='word_1_17' title='bbox 1082 524 1227 601; x_wconf 88' lang='lat' dir='ltr'><strong>sint,</strong></span> <span class='ocrx_word' id='word_1_18' title='bbox 1273 543 1437 608; x_wconf 81' lang='lat' dir='ltr'><strong>quae</strong></span> <span class='ocrx_word' id='word_1_19' title='bbox 1476 523 1756 588; x_wconf 81' lang='lat' dir='ltr'><strong>maxime</strong></span> <span class='ocrx_word' id='word_1_20' title='bbox 1785 532 1935 590; x_wconf 75' lang='lat' dir='ltr'><strong>mut</strong></span> <span class='ocrx_word' id='word_1_21' title='bbox 1976 523 2387 603; x_wconf 73' lang='lat' dir='ltr'>universalia,</span> <span class='ocrx_word' id='word_1_22' title='bbox 2431 544 2517 591; x_wconf 87' lang='lat' dir='ltr'><strong>ne</strong></span> 
     </span>
     <span class='ocr_line' id='line_1_4' title="bbox 311 624 2518 715; baseline 0.001 -24"><span class='ocrx_word' id='word_1_23' title='bbox 311 624 485 692; x_wconf 88' lang='lat' dir='ltr'><strong>aliud</strong></span> <span class='ocrx_word' id='word_1_24' title='bbox 530 625 789 713; x_wconf 87' lang='lat' dir='ltr'><strong>quidem</strong></span> <span class='ocrx_word' id='word_1_25' title='bbox 833 625 1194 691; x_wconf 79' lang='lat' dir='ltr'><strong>universale</strong></span> <span class='ocrx_word' id='word_1_26' title='bbox 1236 624 1575 712; x_wconf 77' lang='lat' dir='ltr'><strong>quidqnam</strong></span> <span class='ocrx_word' id='word_1_27' title='bbox 1629 636 2034 712; x_wconf 85' lang='lat' dir='ltr'><strong>praeter-res</strong></span> <span class='ocrx_word' id='word_1_28' title='bbox 2073 628 2359 715; x_wconf 81' lang='lat' dir='ltr'><strong>singulas</strong></span> <span class='ocrx_word' id='word_1_29' title='bbox 2401 649 2518 715; x_wconf 78' lang='lat' dir='ltr'><strong>po-</strong></span> 
     </span>
     <span class='ocr_line' id='line_1_5' title="bbox 309 731 2516 816; baseline 0.001 -19"><span class='ocrx_word' id='word_1_30' title='bbox 309 731 590 798; x_wconf 88' lang='lat' dir='ltr'><strong>nendum</strong></span> <span class='ocrx_word' id='word_1_31' title='bbox 652 733 761 808; x_wconf 88' lang='lat' dir='ltr'><strong>sit,</strong></span> <span class='ocrx_word' id='word_1_32' title='bbox 814 751 938 795; x_wconf 86' lang='lat' dir='ltr'><strong>nee</strong></span> <span class='ocrx_word' id='word_1_33' title='bbox 991 751 1289 795; x_wconf 81' lang='lat' dir='ltr'><strong>numerus</strong></span> <span class='ocrx_word' id='word_1_34' title='bbox 1342 741 1638 816; x_wconf 86' lang='lat' dir='ltr'><strong>separata</strong></span> <span class='ocrx_word' id='word_1_35' title='bbox 1693 731 1780 795; x_wconf 84' lang='lat' dir='ltr'><strong>sit</strong></span> <span class='ocrx_word' id='word_1_36' title='bbox 1812 741 1894 796; x_wconf 73' lang='lat' dir='ltr'><strong>‚et</strong></span> <span class='ocrx_word' id='word_1_37' title='bbox 1932 752 2053 816; x_wconf 86' lang='lat' dir='ltr'><strong>per</strong></span> <span class='ocrx_word' id='word_1_38' title='bbox 2093 751 2166 796; x_wconf 87' lang='lat' dir='ltr'><strong>se</strong></span> <span class='ocrx_word' id='word_1_39' title='bbox 2210 737 2516 799; x_wconf 72' lang='lat' dir='ltr'><strong>exsistens</strong></span> 
     </span>
     <span class='ocr_line' id='line_1_6' title="bbox 311 833 2515 921; baseline 0.001 -22"><span class='ocrx_word' id='word_1_40' title='bbox 311 834 684 914; x_wconf 84' lang='lat' dir='ltr'><strong>substantia,</strong></span> <span class='ocrx_word' id='word_1_41' title='bbox 721 836 1075 900; x_wconf 71' lang='lat' dir='ltr'><strong>als-27.</strong></span> <span class='ocrx_word' id='word_1_42' title='bbox 1166 834 1284 898; x_wconf 85' lang='lat' dir='ltr'><strong>Sin</strong></span> <span class='ocrx_word' id='word_1_43' title='bbox 1338 847 1547 898; x_wconf 84' lang='lat' dir='ltr'><strong>autem</strong></span> <span class='ocrx_word' id='word_1_44' title='bbox 1592 837 1892 921; x_wconf 86' lang='lat' dir='ltr'><strong>ponimus</strong></span> <span class='ocrx_word' id='word_1_45' title='bbox 1931 833 2312 901; x_wconf 83' lang='lat' dir='ltr'><strong>substautias</strong></span> <span class='ocrx_word' id='word_1_46' title='bbox 2359 858 2515 917; x_wconf 87' lang='lat' dir='ltr'><strong>esse,</strong></span> 
     </span>
     <span class='ocr_line' id='line_1_7' title="bbox 312 937 2516 1025; baseline 0 -21"><span class='ocrx_word' id='word_1_47' title='bbox 312 941 418 1025; x_wconf 88' lang='lat' dir='ltr'><strong>qui</strong></span> <span class='ocrx_word' id='word_1_48' title='bbox 462 938 609 1003; x_wconf 85' lang='lat' dir='ltr'><strong>fieri</strong></span> <span class='ocrx_word' id='word_1_49' title='bbox 650 941 854 1025; x_wconf 78' lang='lat' dir='ltr'><strong>possit</strong></span> <span class='ocrx_word' id='word_1_50' title='bbox 895 949 968 1003; x_wconf 86' lang='lat' dir='ltr'><strong>ut</strong></span> <span class='ocrx_word' id='word_1_51' title='bbox 1008 937 1186 1003; x_wconf 78' lang='lat' dir='ltr'><strong>aliud</strong></span> <span class='ocrx_word' id='word_1_52' title='bbox 1228 939 1311 1001; x_wconf 84' lang='lat' dir='ltr'><strong>sit</strong></span> <span class='ocrx_word' id='word_1_53' title='bbox 1355 957 1470 1001; x_wconf 89' lang='lat' dir='ltr'><strong>ens</strong></span> <span class='ocrx_word' id='word_1_54' title='bbox 1513 937 1624 1004; x_wconf 84' lang='lat' dir='ltr'><strong>vel</strong></span> <span class='ocrx_word' id='word_1_55' title='bbox 1660 961 1854 1004; x_wconf 88' lang='lat' dir='ltr'><strong>unum</strong></span> <span class='ocrx_word' id='word_1_56' title='bbox 1889 949 2148 1025; x_wconf 83' lang='lat' dir='ltr'><strong>praeter</strong></span> <span class='ocrx_word' id='word_1_57' title='bbox 2180 938 2358 1019; x_wconf 85' lang='lat' dir='ltr'><strong>illud,</strong></span> <span class='ocrx_word' id='word_1_58' title='bbox 2403 940 2516 1005; x_wconf 88' lang='lat' dir='ltr'><strong>du-</strong></span> 
     </span>
     <span class='ocr_line' id='line_1_8' title="bbox 310 1040 2512 1130; baseline 0.001 -22"><span class='ocrx_word' id='word_1_59' title='bbox 310 1043 483 1109; x_wconf 88' lang='lat' dir='ltr'><strong>bium</strong></span> <span class='ocrx_word' id='word_1_60' title='bbox 525 1053 641 1120; x_wconf 87' lang='lat' dir='ltr'><strong>est,</strong></span> <span class='ocrx_word' id='word_1_61' title='bbox 683 1052 749 1108; x_wconf 90' lang='lat' dir='ltr'><strong>et</strong></span> <span class='ocrx_word' id='word_1_62' title='bbox 781 1064 866 1108; x_wconf 90' lang='lat' dir='ltr'><strong>ne</strong></span> <span class='ocrx_word' id='word_1_63' title='bbox 906 1046 995 1108; x_wconf 84' lang='lat' dir='ltr'><strong>ita</strong></span> <span class='ocrx_word' id='word_1_64' title='bbox 1030 1040 1284 1129; x_wconf 83' lang='lat' dir='ltr'><strong>quidem</strong></span> <span class='ocrx_word' id='word_1_65' title='bbox 1318 1040 1576 1108; x_wconf 83' lang='lat' dir='ltr'><strong>videtur</strong></span> <span class='ocrx_word' id='word_1_66' title='bbox 1607 1063 1908 1108; x_wconf 79' lang='lat' dir='ltr'><strong>numerus</strong></span> <span class='ocrx_word' id='word_1_67' title='bbox 1951 1062 2092 1106; x_wconf 86' lang='lat' dir='ltr'><strong>esse</strong></span> <span class='ocrx_word' id='word_1_68' title='bbox 2128 1063 2340 1130; x_wconf 87' lang='lat' dir='ltr'><strong>posse,</strong></span> <span class='ocrx_word' id='word_1_69' title='bbox 2376 1041 2512 1111; x_wconf 63' lang='lat'><strong>«227</strong></span> 
     </span>
     <span class='ocr_line' id='line_1_9' title="bbox 310 1144 2516 1232; baseline 0 -20"><span class='ocrx_word' id='word_1_70' title='bbox 310 1149 514 1212; x_wconf 72' lang='grc' dir='ltr'><strong>-ὀθ,</strong></span> <span class='ocrx_word' id='word_1_71' title='bbox 581 1146 921 1213; x_wconf 74' lang='lat' dir='ltr'><strong>Accedunt</strong></span> <span class='ocrx_word' id='word_1_72' title='bbox 951 1145 1115 1211; x_wconf 71' lang='lat' dir='ltr'><strong>alise</strong></span> <span class='ocrx_word' id='word_1_73' title='bbox 1150 1144 1613 1213; x_wconf 70' lang='lat' dir='ltr'><strong>dubitationes:</strong></span> <span class='ocrx_word' id='word_1_74' title='bbox 1655 1149 1937 1216; x_wconf 89' lang='lat' dir='ltr'><strong>Zenonis</strong></span> <span class='ocrx_word' id='word_1_75' title='bbox 1984 1149 2149 1212; x_wconf 87' lang='lat' dir='ltr'><strong>enim</strong></span> <span class='ocrx_word' id='word_1_76' title='bbox 2191 1144 2425 1232; x_wconf 84' lang='lat' dir='ltr'><strong>placita</strong></span> <span class='ocrx_word' id='word_1_77' title='bbox 2460 1148 2516 1212; x_wconf 89' lang='lat' dir='ltr'><strong>si</strong></span> 
     </span>
     <span class='ocr_line' id='line_1_10' title="bbox 309 1249 2516 1338; baseline -0 -22"><span class='ocrx_word' id='word_1_78' title='bbox 309 1254 647 1338; x_wconf 74' lang='lat' dir='ltr'>sequimur,</span> <span class='ocrx_word' id='word_1_79' title='bbox 690 1271 775 1316; x_wconf 86' lang='lat' dir='ltr'><strong>ne</strong></span> <span class='ocrx_word' id='word_1_80' title='bbox 818 1253 1025 1337; x_wconf 83' lang='lat' dir='ltr'><strong>ipsum</strong></span> <span class='ocrx_word' id='word_1_81' title='bbox 1068 1249 1319 1337; x_wconf 82' lang='lat' dir='ltr'><strong>quidem</strong></span> <span class='ocrx_word' id='word_1_82' title='bbox 1365 1272 1479 1318; x_wconf 88' lang='lat' dir='ltr'><strong>ens</strong></span> <span class='ocrx_word' id='word_1_83' title='bbox 1521 1251 1778 1317; x_wconf 81' lang='lat' dir='ltr'><strong>videtur</strong></span> <span class='ocrx_word' id='word_1_84' title='bbox 1821 1272 1962 1316; x_wconf 83' lang='lat' dir='ltr'><strong>esse</strong></span> <span class='ocrx_word' id='word_1_85' title='bbox 2004 1270 2228 1338; x_wconf 86' lang='lat' dir='ltr'><strong>posse;</strong></span> <span class='ocrx_word' id='word_1_86' title='bbox 2281 1249 2516 1337; x_wconf 73' lang='lat' dir='ltr'><strong>Pythe-</strong></span> 
     </span>
     <span class='ocr_line' id='line_1_11' title="bbox 310 1341 2516 1444; baseline 0.001 -24"><span class='ocrx_word' id='word_1_87' title='bbox 310 1375 660 1444; x_wconf 81' lang='lat' dir='ltr'><strong>goreorum</strong></span> <span class='ocrx_word' id='word_1_88' title='bbox 705 1364 772 1420; x_wconf 89' lang='lat' dir='ltr'><strong>et</strong></span> <span class='ocrx_word' id='word_1_89' title='bbox 815 1354 1102 1420; x_wconf 81' lang='lat' dir='ltr'><strong>Platonis</strong></span> <span class='ocrx_word' id='word_1_90' title='bbox 1146 1357 1493 1421; x_wconf 87' lang='lat' dir='ltr'><strong>sententias</strong></span> <span class='ocrx_word' id='word_1_91' title='bbox 1537 1358 1592 1420; x_wconf 89' lang='lat' dir='ltr'><strong>si</strong></span> <span class='ocrx_word' id='word_1_92' title='bbox 1633 1341 2024 1444; x_wconf 79' lang='lat' dir='ltr'><strong>indagamus,</strong></span> <span class='ocrx_word' id='word_1_93' title='bbox 2071 1354 2398 1441; x_wconf 84' lang='lat' dir='ltr'><strong>quomodo</strong></span> <span class='ocrx_word' id='word_1_94' title='bbox 2437 1377 2516 1424; x_wconf 73' lang='lat' dir='ltr'><strong>ex</strong></span> 
     </span>
     <span class='ocr_line' id='line_1_12' title="bbox 309 1457 2516 1546; baseline -0 -22"><span class='ocrx_word' id='word_1_95' title='bbox 309 1459 436 1524; x_wconf 85' lang='lat' dir='ltr'><strong>hoc</strong></span> <span class='ocrx_word' id='word_1_96' title='bbox 477 1461 793 1546; x_wconf 87' lang='lat' dir='ltr'><strong>principio</strong></span> <span class='ocrx_word' id='word_1_97' title='bbox 837 1457 945 1523; x_wconf 84' lang='lat' dir='ltr'><strong>vel</strong></span> <span class='ocrx_word' id='word_1_98' title='bbox 987 1462 1235 1524; x_wconf 77' lang='lat' dir='ltr'><strong>numeri</strong></span> <span class='ocrx_word' id='word_1_99' title='bbox 1275 1458 1382 1524; x_wconf 85' lang='lat' dir='ltr'><strong>vel</strong></span> <span class='ocrx_word' id='word_1_100' title='bbox 1418 1458 1626 1524; x_wconf 83' lang='lat' dir='ltr'><strong>lineae</strong></span> <span class='ocrx_word' id='word_1_101' title='bbox 1661 1458 1853 1546; x_wconf 86' lang='lat' dir='ltr'><strong>plana</strong></span> <span class='ocrx_word' id='word_1_102' title='bbox 1889 1480 2160 1546; x_wconf 84' lang='lat' dir='ltr'><strong>corpora</strong></span> <span class='ocrx_word' id='word_1_103' title='bbox 2196 1458 2516 1538; x_wconf 84' lang='lat' dir='ltr'><strong>deducan-</strong></span> 
     </span>
     <span class='ocr_line' id='line_1_13' title="bbox 309 1561 2514 1650; baseline 0 -23"><span class='ocrx_word' id='word_1_104' title='bbox 309 1572 429 1641; x_wconf 87' lang='lat' dir='ltr'>tur,</span> <span class='ocrx_word' id='word_1_105' title='bbox 476 1562 739 1628; x_wconf 76' lang='lat' dir='ltr'><strong>difficile</strong></span> <span class='ocrx_word' id='word_1_106' title='bbox 778 1573 876 1628; x_wconf 87' lang='lat' dir='ltr'><strong>est</strong></span> <span class='ocrx_word' id='word_1_107' title='bbox 908 1561 1138 1643; x_wconf 87' lang='lat' dir='ltr'><strong>dicere,</strong></span> <span class='ocrx_word' id='word_1_108' title='bbox 1173 1563 1478 1629; x_wconf 67' lang='lat'><strong>⁶7-25.</strong></span> <span class='ocrx_word' id='word_1_109' title='bbox 1513 1601 1595 1618; x_wconf 87' lang='lat'><strong>--</strong></span> <span class='ocrx_word' id='word_1_110' title='bbox 1639 1561 1993 1630; x_wconf 85' lang='lat' dir='ltr'><strong>Dialectice</strong></span> <span class='ocrx_word' id='word_1_111' title='bbox 2022 1562 2344 1650; x_wconf 82' lang='lat' dir='ltr'><strong>disputare</strong></span> <span class='ocrx_word' id='word_1_112' title='bbox 2373 1564 2514 1628; x_wconf 87' lang='lat' dir='ltr'><strong>Ari-</strong></span> 
     </span>
     <span class='ocr_line' id='line_1_14' title="bbox 307 1663 2512 1754; baseline 0 -23"><span class='ocrx_word' id='word_1_113' title='bbox 307 1663 609 1731; x_wconf 84' lang='lat' dir='ltr'><strong>stotelem</strong></span> <span class='ocrx_word' id='word_1_114' title='bbox 665 1667 784 1732; x_wconf 84' lang='lat' dir='ltr'><strong>hac</strong></span> <span class='ocrx_word' id='word_1_115' title='bbox 838 1668 1103 1732; x_wconf 85' lang='lat' dir='ltr'><strong>maxime</strong></span> <span class='ocrx_word' id='word_1_116' title='bbox 1160 1673 1228 1732; x_wconf 92' lang='lat' dir='ltr'><strong>in</strong></span> <span class='ocrx_word' id='word_1_117' title='bbox 1285 1669 1661 1754; x_wconf 57' lang='lat' dir='ltr'><strong>quaestione</strong></span> <span class='ocrx_word' id='word_1_118' title='bbox 1720 1667 1927 1754; x_wconf 81' lang='lat' dir='ltr'>probe</span> <span class='ocrx_word' id='word_1_119' title='bbox 1985 1677 2083 1733; x_wconf 91' lang='lat' dir='ltr'><strong>est</strong></span> <span class='ocrx_word' id='word_1_120' title='bbox 2136 1666 2512 1743; x_wconf 81' lang='lat' dir='ltr'><strong>tenendum3</strong></span> 
     </span>
     <span class='ocr_line' id='line_1_15' title="bbox 308 1769 2511 1858; baseline 0 -23"><span class='ocrx_word' id='word_1_121' title='bbox 308 1769 492 1857; x_wconf 87' lang='lat' dir='ltr'><strong>quod</strong></span> <span class='ocrx_word' id='word_1_122' title='bbox 535 1774 701 1835; x_wconf 84' lang='lat' dir='ltr'><strong>enim</strong></span> <span class='ocrx_word' id='word_1_123' title='bbox 745 1769 828 1836; x_wconf 87' lang='lat' dir='ltr'><strong>de</strong></span> <span class='ocrx_word' id='word_1_124' title='bbox 870 1792 1277 1837; x_wconf 86' lang='lat' dir='ltr'><strong>numerorum</strong></span> <span class='ocrx_word' id='word_1_125' title='bbox 1333 1773 1694 1837; x_wconf 73' lang='lat' dir='ltr'><strong>exsistentia</strong></span> <span class='ocrx_word' id='word_1_126' title='bbox 1739 1770 1892 1837; x_wconf 74' lang='lat' dir='ltr'><strong>dicit</strong></span> <span class='ocrx_word' id='word_1_127' title='bbox 1935 1782 2005 1836; x_wconf 90' lang='lat' dir='ltr'><strong>et</strong></span> <span class='ocrx_word' id='word_1_128' title='bbox 2043 1792 2205 1858; x_wconf 79' lang='lat' dir='ltr'><strong>quae</strong></span> <span class='ocrx_word' id='word_1_129' title='bbox 2252 1793 2327 1836; x_wconf 87' lang='lat' dir='ltr'><strong>ea</strong></span> <span class='ocrx_word' id='word_1_130' title='bbox 2371 1791 2511 1836; x_wconf 85' lang='lat' dir='ltr'><strong>eum</strong></span> 
     </span>
     <span class='ocr_line' id='line_1_16' title="bbox 306 1876 2513 1962; baseline 0 -24"><span class='ocrx_word' id='word_1_131' title='bbox 306 1896 380 1939; x_wconf 88' lang='lat' dir='ltr'><strong>re</strong></span> <span class='ocrx_word' id='word_1_132' title='bbox 410 1877 751 1942; x_wconf 87' lang='lat' dir='ltr'><strong>coniuncta</strong></span> <span class='ocrx_word' id='word_1_133' title='bbox 778 1888 944 1955; x_wconf 87' lang='lat' dir='ltr'><strong>sunt,</strong></span> <span class='ocrx_word' id='word_1_134' title='bbox 989 1898 1064 1941; x_wconf 89' lang='lat' dir='ltr'><strong>ea</strong></span> <span class='ocrx_word' id='word_1_135' title='bbox 1108 1896 1244 1942; x_wconf 90' lang='lat' dir='ltr'><strong>non</strong></span> <span class='ocrx_word' id='word_1_136' title='bbox 1291 1897 1366 1940; x_wconf 83' lang='lat' dir='ltr'><strong>ex</strong></span> <span class='ocrx_word' id='word_1_137' title='bbox 1398 1878 1669 1940; x_wconf 85' lang='lat' dir='ltr'><strong>veritate</strong></span> <span class='ocrx_word' id='word_1_138' title='bbox 1699 1878 1795 1939; x_wconf 86' lang='lat' dir='ltr'><strong>rei</strong></span> <span class='ocrx_word' id='word_1_139' title='bbox 1821 1895 2029 1962; x_wconf 85' lang='lat' dir='ltr'><strong>neque</strong></span> <span class='ocrx_word' id='word_1_140' title='bbox 2059 1897 2137 1940; x_wconf 84' lang='lat' dir='ltr'><strong>ex</strong></span> <span class='ocrx_word' id='word_1_141' title='bbox 2168 1895 2282 1940; x_wconf 88' lang='lat' dir='ltr'><strong>sua</strong></span> <span class='ocrx_word' id='word_1_142' title='bbox 2312 1876 2513 1961; x_wconf 82' lang='lat' dir='ltr'><strong>ipsius</strong></span> 
     </span>
     <span class='ocr_line' id='line_1_17' title="bbox 306 1977 2514 2066; baseline -0.001 -22"><span class='ocrx_word' id='word_1_143' title='bbox 306 1982 622 2044; x_wconf 83' lang='lat' dir='ltr'><strong>sententia</strong></span> <span class='ocrx_word' id='word_1_144' title='bbox 665 1982 1094 2057; x_wconf 67' lang='lat' dir='ltr'><strong>ratiocinatur,</strong></span> <span class='ocrx_word' id='word_1_145' title='bbox 1138 1978 1256 2046; x_wconf 88' lang='lat' dir='ltr'><strong>sed</strong></span> <span class='ocrx_word' id='word_1_146' title='bbox 1301 2001 1377 2044; x_wconf 81' lang='lat' dir='ltr'><strong>ex</strong></span> <span class='ocrx_word' id='word_1_147' title='bbox 1420 1981 1736 2044; x_wconf 85' lang='lat' dir='ltr'><strong>sententia</strong></span> <span class='ocrx_word' id='word_1_148' title='bbox 1782 1999 2027 2058; x_wconf 88' lang='lat' dir='ltr'><strong>eorum,</strong></span> <span class='ocrx_word' id='word_1_149' title='bbox 2071 1999 2342 2066; x_wconf 81' lang='lat' dir='ltr'><strong>quorum</strong></span> <span class='ocrx_word' id='word_1_150' title='bbox 2381 1977 2514 2065; x_wconf 81' lang='lat' dir='ltr'><strong>pla-</strong></span> 
     </span>
     <span class='ocr_line' id='line_1_18' title="bbox 308 2082 2513 2169; baseline 0 -22"><span class='ocrx_word' id='word_1_151' title='bbox 308 2085 435 2147; x_wconf 82' lang='lat' dir='ltr'><strong>cita</strong></span> <span class='ocrx_word' id='word_1_152' title='bbox 481 2085 811 2149; x_wconf 82' lang='lat' dir='ltr'><strong>examinat.</strong></span> <span class='ocrx_word' id='word_1_153' title='bbox 885 2085 986 2150; x_wconf 79' lang='lat' dir='ltr'><strong>Ad</strong></span> <span class='ocrx_word' id='word_1_154' title='bbox 1031 2082 1404 2151; x_wconf 82' lang='lat' dir='ltr'><strong>solvendam</strong></span> <span class='ocrx_word' id='word_1_155' title='bbox 1451 2105 1528 2149; x_wconf 79' lang='lat' dir='ltr'><strong>ex</strong></span> <span class='ocrx_word' id='word_1_156' title='bbox 1558 2082 1921 2148; x_wconf 78' lang='lat' dir='ltr'><strong>Aristotelis</strong></span> <span class='ocrx_word' id='word_1_157' title='bbox 1963 2085 2279 2149; x_wconf 84' lang='lat' dir='ltr'><strong>sententia</strong></span> <span class='ocrx_word' id='word_1_158' title='bbox 2322 2103 2513 2169; x_wconf 83' lang='lat' dir='ltr'><strong>quae·</strong></span> 
     </span>
     <span class='ocr_line' id='line_1_19' title="bbox 307 2187 1895 2255; baseline 0 -3"><span class='ocrx_word' id='word_1_159' title='bbox 307 2189 583 2252; x_wconf 75' lang='lat' dir='ltr'><strong>stionem</strong></span> <span class='ocrx_word' id='word_1_160' title='bbox 630 2188 709 2252; x_wconf 81' lang='lat' dir='ltr'><strong>cf.</strong></span> <span class='ocrx_word' id='word_1_161' title='bbox 754 2189 920 2254; x_wconf 85' lang='grc' dir='ltr'><strong>Γ2.</strong></span> <span class='ocrx_word' id='word_1_162' title='bbox 968 2190 1209 2255; x_wconf 83' lang='lat' dir='ltr'><strong>I2et</strong></span> <span class='ocrx_word' id='word_1_163' title='bbox 1252 2187 1550 2253; x_wconf 85' lang='lat' dir='ltr'><strong>adB3.</strong></span> <span class='ocrx_word' id='word_1_164' title='bbox 1594 2188 1895 2254; x_wconf 75' lang='lat'><strong>998⁶22.</strong></span> 
     </span>
    </p>

    <p class='ocr_par' dir='ltr' id='par_1_3' title="bbox 302 2283 2532 4029">
     <span class='ocr_line' id='line_1_20' title="bbox 444 2283 2515 2374; baseline -0.001 -18"><span class='ocrx_word' id='word_1_165' title='bbox 444 2293 655 2357; x_wconf 70' lang='lat' dir='ltr'><strong>lssssla</strong></span> <span class='ocrx_word' id='word_1_166' title='bbox 694 2294 776 2359; x_wconf 91' lang='lat' dir='ltr'><strong>ll</strong></span> <span class='ocrx_word' id='word_1_167' title='bbox 822 2290 924 2369; x_wconf 80' lang='grc' dir='ltr'><strong>ὡς</strong></span> <span class='ocrx_word' id='word_1_168' title='bbox 966 2287 1219 2374; x_wconf 78' lang='grc' dir='ltr'><strong><em>οὔσης</em></strong></span> <span class='ocrx_word' id='word_1_169' title='bbox 1261 2295 1405 2373; x_wconf 80' lang='grc' dir='ltr'><strong>τῆς</strong></span> <span class='ocrx_word' id='word_1_170' title='bbox 1451 2288 1744 2368; x_wconf 72' lang='grc' dir='ltr'><strong><em>οὐσίας</em></strong></span> <span class='ocrx_word' id='word_1_171' title='bbox 1796 2283 1997 2357; x_wconf 78' lang='grc' dir='ltr'><strong>αὐτὰ</strong></span> <span class='ocrx_word' id='word_1_172' title='bbox 2041 2283 2130 2355; x_wconf 80' lang='grc' dir='ltr'><strong>τὸ</strong></span> <span class='ocrx_word' id='word_1_173' title='bbox 2173 2290 2256 2356; x_wconf 74' lang='grc' dir='ltr'><strong>ἓν</strong></span> <span class='ocrx_word' id='word_1_174' title='bbox 2300 2285 2515 2354; x_wconf 71' lang='grc' dir='ltr'><strong><em>εἶναι</em></strong></span> 
     </span>
     <span class='ocr_line' id='line_1_21' title="bbox 306 2390 2513 2484; baseline -0.001 -25"><span class='ocrx_word' id='word_1_175' title='bbox 306 2395 445 2460; x_wconf 79' lang='grc' dir='ltr'><strong>καὶ</strong></span> <span class='ocrx_word' id='word_1_176' title='bbox 496 2390 587 2462; x_wconf 79' lang='grc' dir='ltr'><strong>ὅν</strong></span> <span class='ocrx_word' id='word_1_177' title='bbox 636 2419 730 2462; x_wconf 80' lang='grc' dir='ltr'><strong>τι.</strong></span> <span class='ocrx_word' id='word_1_178' title='bbox 816 2395 1076 2484; x_wconf 80' lang='lat' dir='ltr'><strong>Duplex</strong></span> <span class='ocrx_word' id='word_1_179' title='bbox 1117 2398 1284 2461; x_wconf 87' lang='lat' dir='ltr'><strong>inest</strong></span> <span class='ocrx_word' id='word_1_180' title='bbox 1322 2400 1390 2460; x_wconf 86' lang='lat' dir='ltr'><strong>in</strong></span> <span class='ocrx_word' id='word_1_181' title='bbox 1432 2395 1533 2461; x_wconf 79' lang='lat' dir='ltr'><strong>his</strong></span> <span class='ocrx_word' id='word_1_182' title='bbox 1574 2395 1784 2460; x_wconf 82' lang='lat' dir='ltr'><strong>verbis</strong></span> <span class='ocrx_word' id='word_1_183' title='bbox 1824 2393 2199 2470; x_wconf 76' lang='lat' dir='ltr'><strong>diffieultas;</strong></span> <span class='ocrx_word' id='word_1_184' title='bbox 2244 2396 2513 2479; x_wconf 82' lang='lat' dir='ltr'><strong>primum</strong></span> 
     </span>
     <span class='ocr_line' id='line_1_22' title="bbox 309 2497 2532 2592; baseline -0.002 -27"><span class='ocrx_word' id='word_1_185' title='bbox 309 2503 480 2566; x_wconf 84' lang='lat' dir='ltr'><strong>enim</strong></span> <span class='ocrx_word' id='word_1_186' title='bbox 516 2502 883 2588; x_wconf 82' lang='lat' dir='ltr'><strong>perturbata</strong></span> <span class='ocrx_word' id='word_1_187' title='bbox 929 2513 1027 2568; x_wconf 85' lang='lat' dir='ltr'><strong>est</strong></span> <span class='ocrx_word' id='word_1_188' title='bbox 1066 2503 1472 2592; x_wconf 77' lang='lat' dir='ltr'><strong>grammatica</strong></span> <span class='ocrx_word' id='word_1_189' title='bbox 1505 2500 1843 2568; x_wconf 82' lang='lat' dir='ltr'><strong>verborum</strong></span> <span class='ocrx_word' id='word_1_190' title='bbox 1879 2499 2323 2577; x_wconf 82' lang='lat' dir='ltr'><strong>conformatio,</strong></span> <span class='ocrx_word' id='word_1_191' title='bbox 2367 2497 2532 2582; x_wconf 79' lang='lat' dir='ltr'><strong>quia&#39;</strong></span> 
     </span>
     <span class='ocr_line' id='line_1_23' title="bbox 307 2599 2513 2691; baseline -0.001 -22"><span class='ocrx_word' id='word_1_192' title='bbox 307 2626 522 2691; x_wconf 88' lang='lat' dir='ltr'><strong>neque</strong></span> <span class='ocrx_word' id='word_1_193' title='bbox 566 2609 956 2673; x_wconf 77' lang='lat' dir='ltr'><strong>aecusativus</strong></span> <span class='ocrx_word' id='word_1_194' title='bbox 1000 2600 1163 2671; x_wconf 72' lang='grc' dir='ltr'><strong>αὐτὸ</strong></span> <span class='ocrx_word' id='word_1_195' title='bbox 1206 2599 1285 2671; x_wconf 77' lang='grc' dir='ltr'><strong>τὸ</strong></span> <span class='ocrx_word' id='word_1_196' title='bbox 1330 2604 1498 2671; x_wconf 75' lang='grc' dir='ltr'><strong><em>εἶναι</em></strong></span> <span class='ocrx_word' id='word_1_197' title='bbox 1539 2607 1823 2669; x_wconf 82' lang='lat' dir='ltr'><strong>construi</strong></span> <span class='ocrx_word' id='word_1_198' title='bbox 1858 2613 2076 2690; x_wconf 80' lang='lat' dir='ltr'><strong>potest</strong></span> <span class='ocrx_word' id='word_1_199' title='bbox 2118 2625 2256 2668; x_wconf 86' lang='lat' dir='ltr'><strong>oum</strong></span> <span class='ocrx_word' id='word_1_200' title='bbox 2301 2600 2513 2667; x_wconf 75' lang='lat' dir='ltr'><strong>verbis</strong></span> 
     </span>
     <span class='ocr_line' id='line_1_24' title="bbox 308 2704 2516 2795; baseline -0.002 -21"><span class='ocrx_word' id='word_1_201' title='bbox 308 2706 397 2786; x_wconf 80' lang='grc' dir='ltr'><strong>ὡς</strong></span> <span class='ocrx_word' id='word_1_202' title='bbox 440 2704 644 2790; x_wconf 79' lang='grc' dir='ltr'><strong><em>οὔσης</em></strong></span> <span class='ocrx_word' id='word_1_203' title='bbox 685 2713 805 2791; x_wconf 82' lang='grc' dir='ltr'><strong>τῆς</strong></span> <span class='ocrx_word' id='word_1_204' title='bbox 859 2708 1117 2789; x_wconf 74' lang='grc' dir='ltr'><strong><em>οὐσίας,</em></strong></span> <span class='ocrx_word' id='word_1_205' title='bbox 1175 2731 1383 2795; x_wconf 88' lang='lat' dir='ltr'><strong>neque</strong></span> <span class='ocrx_word' id='word_1_206' title='bbox 1438 2711 1577 2795; x_wconf 88' lang='lat' dir='ltr'><strong>ipsa</strong></span> <span class='ocrx_word' id='word_1_207' title='bbox 1632 2709 1791 2775; x_wconf 81' lang='lat' dir='ltr'><strong>haee</strong></span> <span class='ocrx_word' id='word_1_208' title='bbox 1843 2706 2043 2772; x_wconf 82' lang='lat' dir='ltr'><strong>verba</strong></span> <span class='ocrx_word' id='word_1_209' title='bbox 2095 2710 2185 2772; x_wconf 87' lang='lat' dir='ltr'><strong>ita</strong></span> <span class='ocrx_word' id='word_1_210' title='bbox 2240 2713 2516 2793; x_wconf 84' lang='lat' dir='ltr'><strong>possunt</strong></span> 
     </span>
     <span class='ocr_line' id='line_1_25' title="bbox 305 2806 2515 2901; baseline -0.002 -23"><span class='ocrx_word' id='word_1_211' title='bbox 305 2835 425 2900; x_wconf 86' lang='lat' dir='ltr'><strong>per</strong></span> <span class='ocrx_word' id='word_1_212' title='bbox 467 2815 880 2900; x_wconf 77' lang='lat' dir='ltr'><strong>parenthesin</strong></span> <span class='ocrx_word' id='word_1_213' title='bbox 924 2817 1157 2901; x_wconf 78' lang='lat' dir='ltr'><strong>accipi,</strong></span> <span class='ocrx_word' id='word_1_214' title='bbox 1206 2825 1277 2879; x_wconf 87' lang='lat' dir='ltr'><strong>ut</strong></span> <span class='ocrx_word' id='word_1_215' title='bbox 1321 2815 1712 2878; x_wconf 84' lang='lat' dir='ltr'><strong>aecusativus</strong></span> <span class='ocrx_word' id='word_1_216' title='bbox 1757 2806 1919 2877; x_wconf 79' lang='grc' dir='ltr'><strong>αὐτὸ</strong></span> <span class='ocrx_word' id='word_1_217' title='bbox 1964 2806 2042 2901; x_wconf 56' lang='grc' dir='ltr'><strong>τό</strong></span> <span class='ocrx_word' id='word_1_218' title='bbox 2087 2814 2515 2897; x_wconf 74' lang='lat' dir='ltr'><strong>coniungatur</strong></span> 
     </span>
     <span class='ocr_line' id='line_1_26' title="bbox 308 2912 2511 3008; baseline -0.001 -26"><span class='ocrx_word' id='word_1_219' title='bbox 308 2939 451 2982; x_wconf 82' lang='lat' dir='ltr'><strong>eum</strong></span> <span class='ocrx_word' id='word_1_220' title='bbox 494 2918 707 2984; x_wconf 85' lang='lat' dir='ltr'><strong>verbis</strong></span> <span class='ocrx_word' id='word_1_221' title='bbox 754 2913 874 2999; x_wconf 76' lang='grc' dir='ltr'><strong>τὴν</strong></span> <span class='ocrx_word' id='word_1_222' title='bbox 916 2914 1118 3008; x_wconf 83' lang='grc' dir='ltr'><strong><em>φύσιν</em></strong></span> <span class='ocrx_word' id='word_1_223' title='bbox 1156 2912 1344 2983; x_wconf 78' lang='grc' dir='ltr'><strong><em>εἶναι.</em></strong></span> <span class='ocrx_word' id='word_1_224' title='bbox 1409 2916 1668 2983; x_wconf 77' lang='lat' dir='ltr'><strong>Deinde</strong></span> <span class='ocrx_word' id='word_1_225' title='bbox 1712 2937 2073 3003; x_wconf 78' lang='lat' dir='ltr'><strong>pronomen</strong></span> <span class='ocrx_word' id='word_1_226' title='bbox 2107 2913 2511 2980; x_wconf 76' lang='lat' dir='ltr'><strong>indefinitum</strong></span> 
     </span>
     <span class='ocr_line' id='line_1_27' title="bbox 306 3016 2514 3109; baseline -0.001 -24"><span class='ocrx_word' id='word_1_227' title='bbox 306 3043 373 3085; x_wconf 83' lang='grc' dir='ltr'><strong>τι</strong></span> <span class='ocrx_word' id='word_1_228' title='bbox 416 3021 721 3102; x_wconf 76' lang='lat' dir='ltr'><strong>offendit,</strong></span> <span class='ocrx_word' id='word_1_229' title='bbox 768 3016 846 3088; x_wconf 79' lang='grc' dir='ltr'><strong>ὅν</strong></span> <span class='ocrx_word' id='word_1_230' title='bbox 888 3045 977 3100; x_wconf 83' lang='grc' dir='ltr'><strong>τι,</strong></span> <span class='ocrx_word' id='word_1_231' title='bbox 1022 3021 1198 3108; x_wconf 84' lang='lat' dir='ltr'><strong>quod</strong></span> <span class='ocrx_word' id='word_1_232' title='bbox 1244 3043 1433 3109; x_wconf 87' lang='lat' dir='ltr'><strong>quum</strong></span> <span class='ocrx_word' id='word_1_233' title='bbox 1480 3021 1842 3108; x_wconf 85' lang='lat' dir='ltr'><strong>frequentet</strong></span> <span class='ocrx_word' id='word_1_234' title='bbox 1885 3018 2263 3085; x_wconf 86' lang='lat' dir='ltr'><strong>Aristoteles</strong></span> <span class='ocrx_word' id='word_1_235' title='bbox 2307 3018 2390 3084; x_wconf 87' lang='lat' dir='ltr'><strong>ad</strong></span> <span class='ocrx_word' id='word_1_236' title='bbox 2429 3020 2514 3082; x_wconf 84' lang='lat' dir='ltr'><strong>si-</strong></span> 
     </span>
     <span class='ocr_line' id='line_1_28' title="bbox 305 3124 2513 3215; baseline -0.003 -24"><span class='ocrx_word' id='word_1_237' title='bbox 305 3125 705 3213; x_wconf 83' lang='lat' dir='ltr'><strong>gnificandas</strong></span> <span class='ocrx_word' id='word_1_238' title='bbox 760 3147 863 3191; x_wconf 89' lang='lat' dir='ltr'><strong>res</strong></span> <span class='ocrx_word' id='word_1_239' title='bbox 919 3124 1204 3215; x_wconf 83' lang='lat' dir='ltr'><strong>singulas</strong></span> <span class='ocrx_word' id='word_1_240' title='bbox 1255 3129 1554 3213; x_wconf 85' lang='lat' dir='ltr'><strong>opposita</strong></span> <span class='ocrx_word' id='word_1_241' title='bbox 1598 3125 1942 3191; x_wconf 85' lang='lat' dir='ltr'><strong>universali</strong></span> <span class='ocrx_word' id='word_1_242' title='bbox 1986 3146 2198 3189; x_wconf 83' lang='lat' dir='ltr'><strong>earum</strong></span> <span class='ocrx_word' id='word_1_243' title='bbox 2242 3124 2513 3188; x_wconf 83' lang='lat' dir='ltr'><strong>notione</strong></span> 
     </span>
     <span class='ocr_line' id='line_1_29' title="bbox 305 3225 2513 3317; baseline -0.002 -23"><span class='ocrx_word' id='word_1_244' title='bbox 305 3229 427 3308; x_wconf 79' lang='lat' dir='ltr'><strong>(ef.</strong></span> <span class='ocrx_word' id='word_1_245' title='bbox 475 3230 559 3295; x_wconf 88' lang='lat' dir='ltr'><strong>ad</strong></span> <span class='ocrx_word' id='word_1_246' title='bbox 602 3231 673 3296; x_wconf 89' lang='grc' dir='ltr'><em>Γ</em></span> <span class='ocrx_word' id='word_1_247' title='bbox 702 3231 767 3296; x_wconf 71' lang='lat'><strong>2.</strong></span> <span class='ocrx_word' id='word_1_248' title='bbox 815 3231 1016 3296; x_wconf 67' lang='lat'>10035</span> <span class='ocrx_word' id='word_1_249' title='bbox 1053 3233 1196 3311; x_wconf 87' lang='grc'><strong>33),</strong></span> <span class='ocrx_word' id='word_1_250' title='bbox 1248 3242 1461 3317; x_wconf 84' lang='lat' dir='ltr'><strong>aptum</strong></span> <span class='ocrx_word' id='word_1_251' title='bbox 1508 3229 1670 3295; x_wconf 84' lang='lat' dir='ltr'><strong>illud</strong></span> <span class='ocrx_word' id='word_1_252' title='bbox 1714 3227 1966 3316; x_wconf 82' lang='lat' dir='ltr'><strong>quidem</strong></span> <span class='ocrx_word' id='word_1_253' title='bbox 2010 3230 2129 3292; x_wconf 85' lang='lat' dir='ltr'><strong>erit</strong></span> <span class='ocrx_word' id='word_1_254' title='bbox 2170 3229 2238 3290; x_wconf 88' lang='lat' dir='ltr'><strong>in</strong></span> <span class='ocrx_word' id='word_1_255' title='bbox 2281 3225 2513 3290; x_wconf 83' lang='lat' dir='ltr'><strong>deseri-</strong></span> 
     </span>
     <span class='ocr_line' id='line_1_30' title="bbox 308 3329 2515 3422; baseline -0.001 -25"><span class='ocrx_word' id='word_1_256' title='bbox 308 3332 524 3398; x_wconf 85' lang='lat' dir='ltr'><strong>benda</strong></span> <span class='ocrx_word' id='word_1_257' title='bbox 567 3335 976 3422; x_wconf 83' lang='lat' dir='ltr'><strong>physicorum</strong></span> <span class='ocrx_word' id='word_1_258' title='bbox 1023 3336 1354 3412; x_wconf 84' lang='lat' dir='ltr'><strong>sententia,</strong></span> <span class='ocrx_word' id='word_1_259' title='bbox 1399 3336 1508 3419; x_wconf 88' lang='lat' dir='ltr'><strong>qui</strong></span> <span class='ocrx_word' id='word_1_260' title='bbox 1551 3333 1873 3420; x_wconf 80' lang='lat' dir='ltr'><strong>singulare</strong></span> <span class='ocrx_word' id='word_1_261' title='bbox 1918 3329 2236 3418; x_wconf 80' lang='lat' dir='ltr'><strong>quidpiam</strong></span> <span class='ocrx_word' id='word_1_262' title='bbox 2281 3349 2515 3416; x_wconf 71' lang='lat' dir='ltr'><strong>posue·</strong></span> 
     </span>
     <span class='ocr_line' id='line_1_31' title="bbox 306 3433 2514 3523; baseline -0.002 -21"><span class='ocrx_word' id='word_1_263' title='bbox 306 3437 580 3503; x_wconf 73' lang='lat' dir='ltr'><strong>runt&#39;ac</strong></span> <span class='ocrx_word' id='word_1_264' title='bbox 621 3438 705 3504; x_wconf 88' lang='lat' dir='ltr'><strong>de</strong></span> <span class='ocrx_word' id='word_1_265' title='bbox 750 3460 831 3504; x_wconf 86' lang='lat' dir='ltr'><strong>eo</strong></span> <span class='ocrx_word' id='word_1_266' title='bbox 855 3441 1131 3505; x_wconf 79' lang='lat' dir='ltr'><strong>,unitatis</strong></span> <span class='ocrx_word' id='word_1_267' title='bbox 1176 3447 1243 3503; x_wconf 88' lang='lat' dir='ltr'><strong>et</strong></span> <span class='ocrx_word' id='word_1_268' title='bbox 1299 3439 1612 3503; x_wconf 82' lang='lat' dir='ltr'><strong>essentiae</strong></span> <span class='ocrx_word' id='word_1_269' title='bbox 1667 3439 1995 3501; x_wconf 83' lang='lat' dir='ltr'><strong>notionem</strong></span> <span class='ocrx_word' id='word_1_270' title='bbox 2051 3433 2514 3523; x_wconf 78' lang='lat' dir='ltr'><strong>praedicamut,</strong></span> 
     </span>
     <span class='ocr_line' id='line_1_32' title="bbox 306 3539 2516 3631; baseline -0.001 -25"><span class='ocrx_word' id='word_1_271' title='bbox 306 3555 628 3631; x_wconf 81' lang='lat' dir='ltr'><strong>repugnat</strong></span> <span class='ocrx_word' id='word_1_272' title='bbox 670 3555 880 3610; x_wconf 87' lang='lat' dir='ltr'><strong>autem</strong></span> <span class='ocrx_word' id='word_1_273' title='bbox 925 3543 1272 3608; x_wconf 82' lang='lat' dir='ltr'><strong>Platonicis</strong></span> <span class='ocrx_word' id='word_1_274' title='bbox 1318 3564 1394 3606; x_wconf 83' lang='lat' dir='ltr'><strong>ao</strong></span> <span class='ocrx_word' id='word_1_275' title='bbox 1436 3542 1864 3628; x_wconf 80' lang='lat' dir='ltr'><strong>Pythagoreis</strong></span> <span class='ocrx_word' id='word_1_276' title='bbox 1918 3539 2184 3628; x_wconf 79' lang='lat' dir='ltr'><strong>placitis.</strong></span> <span class='ocrx_word' id='word_1_277' title='bbox 2270 3540 2387 3603; x_wconf 83' lang='lat' dir='ltr'><strong>His</strong></span> <span class='ocrx_word' id='word_1_278' title='bbox 2442 3547 2516 3603; x_wconf 81' lang='lat' dir='ltr'><strong>ut</strong></span> 
     </span>
     <span class='ocr_line' id='line_1_33' title="bbox 306 3639 2515 3733; baseline -0.003 -22"><span class='ocrx_word' id='word_1_279' title='bbox 306 3647 601 3712; x_wconf 83' lang='lat' dir='ltr'><strong>mederer</strong></span> <span class='ocrx_word' id='word_1_280' title='bbox 644 3647 1123 3717; x_wconf 82' lang='lat' dir='ltr'><strong>difficultatibus</strong></span> <span class='ocrx_word' id='word_1_281' title='bbox 1169 3645 1575 3711; x_wconf 87' lang='lat' dir='ltr'><strong>scribendum</strong></span> <span class='ocrx_word' id='word_1_282' title='bbox 1621 3649 1934 3733; x_wconf 85' lang='lat' dir='ltr'><strong>proposui</strong></span> <span class='ocrx_word' id='word_1_283' title='bbox 1963 3646 2128 3711; x_wconf 82' lang='lat' dir='ltr'><strong>obs.</strong></span> <span class='ocrx_word' id='word_1_284' title='bbox 2171 3668 2235 3730; x_wconf 90' lang='lat' dir='ltr'><strong>p.</strong></span> <span class='ocrx_word' id='word_1_285' title='bbox 2267 3644 2384 3707; x_wconf 74' lang='lat'><strong>422</strong></span> <span class='ocrx_word' id='word_1_286' title='bbox 2427 3639 2515 3718; x_wconf 73' lang='grc' dir='ltr'><strong>ὡς</strong></span> 
     </span>
     <span class='ocr_line' id='line_1_34' title="bbox 307 3743 2514 3833; baseline -0.003 -16"><span class='ocrx_word' id='word_1_287' title='bbox 307 3746 510 3831; x_wconf 75' lang='grc' dir='ltr'><strong><em>οὔσης</em></strong></span> <span class='ocrx_word' id='word_1_288' title='bbox 554 3755 674 3832; x_wconf 75' lang='grc' dir='ltr'><strong>τῆς</strong></span> <span class='ocrx_word' id='word_1_289' title='bbox 718 3750 948 3830; x_wconf 80' lang='grc' dir='ltr'><strong><em>οὐσίας</em></strong></span> <span class='ocrx_word' id='word_1_290' title='bbox 990 3747 1198 3816; x_wconf 81' lang='grc' dir='ltr'><em>αὐτοῦ</em></span> <span class='ocrx_word' id='word_1_291' title='bbox 1236 3751 1358 3815; x_wconf 83' lang='grc' dir='ltr'><strong>τοῦ</strong></span> <span class='ocrx_word' id='word_1_292' title='bbox 1399 3751 1498 3816; x_wconf 80' lang='grc' dir='ltr'><strong>ἑνὶ</strong></span> <span class='ocrx_word' id='word_1_293' title='bbox 1544 3744 1712 3816; x_wconf 80' lang='grc' dir='ltr'><strong><em>εἶναι</em></strong></span> <span class='ocrx_word' id='word_1_294' title='bbox 1751 3751 1866 3815; x_wconf 80' lang='grc' dir='ltr'><strong>καὶ</strong></span> <span class='ocrx_word' id='word_1_295' title='bbox 1917 3743 2089 3825; x_wconf 72' lang='grc' dir='ltr'><em>ὄντι,</em></span> <span class='ocrx_word' id='word_1_296' title='bbox 2142 3767 2514 3833; x_wconf 70' lang='lat' dir='ltr'><strong>quamquam</strong></span> 
     </span>
     <span class='ocr_line' id='line_1_35' title="bbox 302 3851 2515 3943; baseline -0.003 -23"><span class='ocrx_word' id='word_1_297' title='bbox 302 3877 390 3921; x_wconf 86' lang='lat' dir='ltr'><strong>ne</strong></span> <span class='ocrx_word' id='word_1_298' title='bbox 449 3878 589 3920; x_wconf 88' lang='lat' dir='ltr'><strong>eam</strong></span> <span class='ocrx_word' id='word_1_299' title='bbox 647 3855 897 3943; x_wconf 82' lang='lat' dir='ltr'><strong>quidem</strong></span> <span class='ocrx_word' id='word_1_300' title='bbox 955 3859 1326 3942; x_wconf 80' lang='lat' dir='ltr'><strong>scripturam</strong></span> <span class='ocrx_word' id='word_1_301' title='bbox 1383 3875 1645 3942; x_wconf 79' lang='lat' dir='ltr'><strong>prorsus</strong></span> <span class='ocrx_word' id='word_1_302' title='bbox 1702 3853 1999 3919; x_wconf 83' lang='lat' dir='ltr'><strong>sufficere</strong></span> <span class='ocrx_word' id='word_1_303' title='bbox 2041 3851 2319 3917; x_wconf 74' lang='lat' dir='ltr'><strong>libenter</strong></span> <span class='ocrx_word' id='word_1_304' title='bbox 2362 3869 2515 3915; x_wconf 72' lang='lat' dir='ltr'><strong>eon-</strong></span> 
     </span>
     <span class='ocr_line' id='line_1_36' title="bbox 304 3959 955 4029; baseline 0.008 -5"><span class='ocrx_word' id='word_1_305' title='bbox 304 3959 520 4026; x_wconf 87' lang='lat' dir='ltr'><strong>fiteor.</strong></span> <span class='ocrx_word' id='word_1_306' title='bbox 954 4026 955 4029; x_wconf 74' lang='grc'>,</span> 
     </span>
    </p>

    <p class='ocr_par' dir='ltr' id='par_1_4' title="bbox 308 4058 2547 4361">
     <span class='ocr_line' id='line_1_37' title="bbox 441 4058 2514 4152; baseline -0.005 -21"><span class='ocrx_word' id='word_1_307' title='bbox 441 4068 655 4131; x_wconf 69' lang='lat' dir='ltr'><strong>lsssslu</strong></span> <span class='ocrx_word' id='word_1_308' title='bbox 682 4067 767 4130; x_wconf 87' lang='grc'><strong>13</strong></span> <span class='ocrx_word' id='word_1_309' title='bbox 810 4061 850 4130; x_wconf 86' lang='grc' dir='ltr'>ὅ</span> <span class='ocrx_word' id='word_1_310' title='bbox 894 4088 972 4130; x_wconf 84' lang='grc' dir='ltr'><strong>τι</strong></span> <span class='ocrx_word' id='word_1_311' title='bbox 1010 4084 1373 4152; x_wconf 83' lang='lat' dir='ltr'><strong>pronomen</strong></span> <span class='ocrx_word' id='word_1_312' title='bbox 1410 4061 1855 4151; x_wconf 77' lang='lat' dir='ltr'><strong>interrogandi</strong></span> <span class='ocrx_word' id='word_1_313' title='bbox 1896 4082 2053 4139; x_wconf 88' lang='lat' dir='ltr'><strong>esse,</strong></span> <span class='ocrx_word' id='word_1_314' title='bbox 2095 4078 2219 4124; x_wconf 87' lang='lat' dir='ltr'><strong>nec</strong></span> <span class='ocrx_word' id='word_1_315' title='bbox 2252 4058 2514 4122; x_wconf 77' lang='lat' dir='ltr'><strong>coniun-</strong></span> 
     </span>
     <span class='ocr_line' id='line_1_38' title="bbox 308 4160 2513 4253; baseline -0.003 -20"><span class='ocrx_word' id='word_1_316' title='bbox 308 4171 454 4234; x_wconf 80' lang='lat' dir='ltr'><strong>ctim</strong></span> <span class='ocrx_word' id='word_1_317' title='bbox 515 4191 659 4237; x_wconf 87' lang='lat' dir='ltr'><strong>esse</strong></span> <span class='ocrx_word' id='word_1_318' title='bbox 714 4168 1120 4235; x_wconf 82' lang='lat' dir='ltr'><strong>scribendum</strong></span> <span class='ocrx_word' id='word_1_319' title='bbox 1178 4192 1318 4234; x_wconf 89' lang='lat' dir='ltr'><strong>cum</strong></span> <span class='ocrx_word' id='word_1_320' title='bbox 1381 4166 1734 4233; x_wconf 72' lang='lat' dir='ltr'><strong>editoribus</strong></span> <span class='ocrx_word' id='word_1_321' title='bbox 1801 4175 2056 4253; x_wconf 80' lang='lat' dir='ltr'><strong>praeter</strong></span> <span class='ocrx_word' id='word_1_322' title='bbox 2110 4160 2513 4228; x_wconf 60' lang='lat' dir='ltr'><strong>Brundisium</strong></span> 
     </span>
     <span class='ocr_line' id='line_1_39' title="bbox 310 4268 2547 4361; baseline -0.004 -23"><span class='ocrx_word' id='word_1_323' title='bbox 310 4274 606 4340; x_wconf 81' lang='lat' dir='ltr'><strong>omnibus</strong></span> <span class='ocrx_word' id='word_1_324' title='bbox 650 4285 724 4339; x_wconf 90' lang='lat' dir='ltr'><strong>ut</strong></span> <span class='ocrx_word' id='word_1_325' title='bbox 765 4296 885 4361; x_wconf 90' lang='lat' dir='ltr'><strong>pro</strong></span> <span class='ocrx_word' id='word_1_326' title='bbox 930 4268 1382 4339; x_wconf 81' lang='lat' dir='ltr'><strong>coniunctione</strong></span> <span class='ocrx_word' id='word_1_327' title='bbox 1427 4272 1747 4349; x_wconf 83' lang='lat' dir='ltr'><strong>habeatur,</strong></span> <span class='ocrx_word' id='word_1_328' title='bbox 1792 4269 1987 4336; x_wconf 83' lang='lat' dir='ltr'><strong>docui</strong></span> <span class='ocrx_word' id='word_1_329' title='bbox 2017 4268 2178 4335; x_wconf 82' lang='lat' dir='ltr'><strong>obs.</strong></span> <span class='ocrx_word' id='word_1_330' title='bbox 2210 4291 2271 4354; x_wconf 90' lang='lat' dir='ltr'><strong>p.</strong></span> <span class='ocrx_word' id='word_1_331' title='bbox 2303 4269 2391 4331; x_wconf 77' lang='lat'><strong>40</strong></span> <span class='ocrx_word' id='word_1_332' title='bbox 2416 4279 2547 4349; x_wconf 77' lang='lat' dir='ltr'><strong>sq.‘</strong></span> 
     </span>
    </p>
   </div>
   <div class='ocr_carea' id='block_1_3' title="bbox 312 4369 2590 4530">
    <p class='ocr_par' dir='ltr' id='par_1_5' title="bbox 312 4369 2590 4530">
     <span class='ocr_line' id='line_1_40' title="bbox 312 4369 2519 4468; baseline -0.005 -24"><span class='ocrx_word' id='word_1_333' title='bbox 312 4380 664 4468; x_wconf 87' lang='lat' dir='ltr'><strong>Propterea</strong></span> <span class='ocrx_word' id='word_1_334' title='bbox 699 4382 864 4445; x_wconf 83' lang='lat' dir='ltr'><strong>enim</strong></span> <span class='ocrx_word' id='word_1_335' title='bbox 895 4377 1318 4467; x_wconf 85' lang='lat' dir='ltr'><strong>Empedocles</strong></span> <span class='ocrx_word' id='word_1_336' title='bbox 1347 4379 1728 4442; x_wconf 76' lang='lat' dir='ltr'><strong>sententiam</strong></span> <span class='ocrx_word' id='word_1_337' title='bbox 1755 4376 2173 4462; x_wconf 83' lang='lat' dir='ltr'><strong>proposuisse</strong></span> <span class='ocrx_word' id='word_1_338' title='bbox 2202 4369 2519 4437; x_wconf 76' lang='lat' dir='ltr'><strong>iudicatur</strong></span> 
     </span>
     <span class='ocr_line' id='line_1_41' title="bbox 2010 4477 2590 4530; baseline -0.005 0"><span class='ocrx_word' id='word_1_339' title='bbox 2010 4480 2035 4530; x_wconf 90' lang='lat'><strong>1</strong></span> <span class='ocrx_word' id='word_1_340' title='bbox 2048 4481 2073 4530; x_wconf 89' lang='lat'><strong>1</strong></span> <span class='ocrx_word' id='word_1_341' title='bbox 2090 4477 2113 4501; x_wconf 72' lang='lat'><strong>⁴*</strong></span> <span class='ocrx_word' id='word_1_342' title='bbox 2585 4482 2590 4488; x_wconf 89' lang='lat'>&#39;</span> 
     </span>
    </p>
   </div>
   <div class='ocr_carea' id='block_1_4' title="bbox 3025 6 3031 1459">
    <p class='ocr_par' dir='ltr' id='par_1_6' title="bbox 3025 6 3031 1459">
     <span class='ocr_line' id='line_1_42' title="bbox 3025 6 3031 1459; baseline 0 0"><span class='ocrx_word' id='word_1_343' title='bbox 3025 6 3031 1459; x_wconf 95' lang='lat' dir='ltr'><strong> </strong></span> 
     </span>
    </p>
   </div>
  </div>
 </body>
</html>
