3043 4973
1129 275 1211 345 A
1259 270 1329 344 9.
1414 270 1683 346 10750.
2064 328 2073 338 .
2360 229 2522 348 '517

2044 373 2072 411 b

439 445 517 525 b)
565 447 767 510 low
794 447 882 511 35
922 448 1319 535 φαίνεται
1362 485 1442 499 -
1487 448 1765 514 low-5
1801 450 1968 534 μία.
2045 449 2177 515 Sed
2215 453 2284 515 in
2320 471 2524 521 novas

305 547 639 613 incidimus
684 548 1110 628 difficultates,
1153 554 1208 614 si
1251 550 1614 616 intellectus
1649 555 1872 617 summi
1910 555 2227 619 actionem
2269 570 2540 642 compa-‘

303 655 651 718 raverimus
695 676 836 719 cum
882 656 988 731 iis,
1047 675 1200 739 quas
1246 657 1371 740 ipsi
1415 655 1746 733 habemus,
1805 656 2129 722 sentiendi
2191 657 2520 746 cogitandi

301 755 544 820 sciendi
566 758 953 834 actionibu83
983 756 1382 822 manifestum
1416 768 1515 823 est
1546 762 1710 824 enim
1744 761 2095 845 (φαίνεται
2115 762 2286 842 ὂ35)
2317 764 2522 826 scien-

302 862 449 923 tiam
495 859 838 945 quamlibet
882 860 964 925 ad
1008 859 1194 924 aliam
1241 862 1554 945 quandam
1598 884 1732 927 rem
1777 863 2028 941 referri,
2073 862 2275 929 veluti
2319 863 2518 929 medi-

302 965 505 1027 cinam
550 961 630 1026 ad
675 967 1007 1029 sanitatem
1053 968 1376 1050 corporis,
1433 986 1508 1029 ac
1566 966 1834 1032 fortuito
1894 976 2136 1032 tantum
2192 978 2258 1031 et
2302 966 2519 1032 obiter

300 1069 411 1146 (ὲν
445 1069 750 1153 παρέργῳ
786 1070 959 1149 636)
1000 1068 1079 1132 ad
1118 1090 1188 1133 se
1224 1072 1443 1154 ipsam.
1517 1069 1777 1134 Deinde
1814 1071 2116 1156 quoniam
2155 1070 2514 1137 intellectio

299 1178 365 1234 et
407 1169 475 1234 id
522 1171 696 1255 quod
741 1171 1122 1260 intelligitur
1177 1174 1447 1237 notione
1500 1181 1675 1238 certe
1717 1165 1837 1255 (τὰ
1884 1169 2052 1237 εἶναι
2093 1170 2361 1253 νοήσει
2400 1177 2516 1241 καὶ

296 1277 671 1358 νοουμένῳ)
699 1274 1026 1354 differunt,
1062 1279 1383 1361 quaeritur
1412 1297 1485 1340 ex
1515 1285 1664 1341 utro
1698 1277 1925 1341 horum
1959 1275 2234 1364 dignitas
2264 1298 2512 1343 summo

296 1375 648 1445 intellectui
706 1378 987 1444 accedat.
1076 1381 1471 1444 Removetur
1520 1391 1789 1466 utraque
1833 1380 2176 1446 difficultas
2219 1386 2419 1466 (part.
2467 1375 2512 1461 ἤ

295 1482 421 1547 ὂ86
464 1485 953 1568 responsionem
1001 1482 1270 1560 orditur,
1316 1483 1396 1546 cf.
1438 1482 1518 1547 ad
1561 1484 1623 1547 Z
1652 1484 1713 1547 4.
1757 1484 1967 1548 103οα
1996 1485 2112 1564 2),
2159 1482 2510 1549 dummodo

295 1589 595 1650 materiae
650 1586 756 1651 vel
811 1587 1188 1652 levissimam
1241 1591 1698 1675 cogitationem
1742 1589 2093 1651 immiscere
2138 1589 2506 1651 caverimus.

295 1688 496 1774 Quod
541 1692 596 1753 si
640 1700 945 1769 tenemus,
991 1702 1056 1757 et
1097 1713 1218 1771 ars,
1265 1713 1427 1776 quae
1460 1713 1593 1755 rem
1625 1690 1903 1777 aliquam
1944 1689 2160 1767 efficit,
2207 1699 2276 1754 et
2306 1693 2508 1755 scien-

294 1796 382 1857 tia
423 1796 518 1857 rei
562 1792 780 1875 eadem
829 1807 926 1860 est
969 1805 1157 1881 atque
1203 1798 1343 1880 ipsa
1388 1817 1509 1883 res,
1563 1795 1644 1859 cf.
1690 1795 1771 1859 ad
1817 1795 1880 1859 3.
1926 1795 2136 1859 1οΊοα
2178 1795 2281 1858 14.
2373 1794 2507 1858 Iam

293 1918 451 1961 vero
496 1900 719 1962 summi
762 1898 1126 1964 intellectus
1170 1920 1246 1964 ea
1294 1910 1394 1963 est
1438 1909 1694 1977 natura,
1738 1907 1810 1964 ut
1854 1920 1890 1962 a
1935 1899 2198 1962 materia
2241 1918 2506 1984 prorsus

294 2004 377 2066 sit
420 2004 730 2068 immunis.
819 2004 997 2092 Ergo
1042 2003 1199 2068 nihil
1242 2006 1487 2083 mirum,
1532 2001 1707 2090 quod
1754 2004 1888 2065 eius
1932 1995 2161 2079 νόησις
2207 2012 2304 2066 est
2343 1997 2508 2081 νοή-

294 2124 456 2182 σεως
490 2109 572 2186 (i.
602 2128 657 2170 e.
690 2110 969 2190 ἑαυτῆς)
1002 2103 1247 2187 νόησις,
1280 2128 1403 2173 nec
1435 2117 1655 2194 potest
1689 2107 1953 2171 omnino
1993 2107 2212 2190 quaeri
2247 2127 2325 2170 ex
2357 2116 2504 2171 utro

293 2207 570 2298 dignitas
618 2214 753 2275 eius
796 2211 1147 2297 repetenda
1191 2214 1291 2277 sit.

425 2316 514 2377 al
564 2315 669 2379 ἐπὶ
712 2316 834 2395 μὲν
875 2318 1005 2382 τῶν
1046 2317 1402 2396 ποιητικῶν
1435 2354 1526 2365 -
1565 2317 1608 2381 5
1645 2315 1769 2398 μία
1807 2315 1978 2379 hunc
2014 2315 2081 2378 in
2116 2312 2375 2379 modum
2412 2317 2505 2378 vi-

297 2416 530 2481 dentur
587 2417 962 2504 explicanda
1021 2440 1188 2483 esse:
1246 2420 1352 2483 έπὶ
1395 2421 1515 2504 μὲν
1557 2419 1689 2482 τῶν
1732 2419 2086 2499 ποιητικῶν
2127 2420 2503 2502 ἐπιστημῶν

295 2525 376 2601 (i.
411 2543 464 2585 e.
513 2523 617 2586 ἐπὶ
662 2524 793 2587 τῶν
834 2525 1092 2606 τεχνῶν,
1137 2524 1217 2588 cf.
1254 2522 1335 2587 ad
1380 2523 1438 2589 Θ
1466 2524 1528 2587 2.
1570 2523 1773 2587 10466
1797 2524 1878 2601 3)
1925 2516 2083 2587 ἄνευ
2124 2518 2283 2603 ὕλης
2328 2525 2408 2605 (i.
2445 2529 2500 2588 e.

296 2628 350 2688 si
393 2627 690 2689 materiae
736 2628 1188 2712 cogitationem
1235 2628 1643 2712 seposueris)
1702 2622 1744 2705 ἡ
1790 2622 1987 2690 οὐσία
2029 2628 2141 2691 καὶ
2185 2619 2263 2692 τὸ
2307 2627 2374 2690 τί
2416 2615 2503 2705 ἦν

297 2726 464 2794 εἶναι
509 2722 672 2793 αὐτὸ
718 2722 794 2792 τὸ
839 2724 1115 2814 πρᾶγμά
1160 2733 1353 2808 ἐστιν,
1399 2732 1503 2795 ἐπὶ
1549 2730 1618 2794 δὲ
1663 2732 1791 2796 τῶν
1836 2729 2260 2813 θεωρητικῶν
2305 2724 2342 2793 ὁ
2384 2723 2501 2793 λό-
2555 2791 2558 2798 .

295 2857 413 2916 γος
454 2834 566 2897 καὶ
610 2830 651 2911 ἡ
696 2827 924 2911 νόησίς
967 2837 1105 2898 ἐστι
1147 2830 1225 2897 τὸ
1270 2836 1567 2920 πρᾶγμα.
1651 2833 1764 2912 (In
1812 2835 2032 2919 priore
2080 2836 2266 2897 etiam
2310 2854 2502 2897 mem·
2553 2851 2561 2930 ἐ

294 2937 416 3001 bro
474 2930 551 3002 τὸ
606 2937 885 3021 πρᾶγμα
944 2936 1287 3021 praedicati
1337 2936 1488 3001 loco
1537 2935 1897 3001 addendum
1941 2959 2112 3016 esse,
2172 2936 2503 3023 apparebit
2555 2954 2572 3022 ζ

293 3043 356 3106 ei
401 3043 507 3127 qui
553 3043 883 3126 superiora
929 3039 1151 3104 verbaz
1202 3033 1253 3121 ἢ
1296 3037 1396 3105 ἐπ’
1434 3043 1626 3107 ἐνίων
1670 3075 1753 3089 --—
1801 3044 1840 3105 i.
1875 3063 1931 3106 e.
1974 3043 2104 3105 τῶν
2148 3035 2367 3107 ἀΰλων
2414 3077 2496 3091 -
2552 3075 2562 3150 3

293 3141 336 3224 ἡ
380 3140 703 3227 ἐπιστήμη
747 3138 825 3209 τὸ
869 3146 1162 3229 πρᾶγμα,
1208 3145 1534 3230 quomodo
1576 3168 1715 3211 cum
1755 3146 1853 3209 his
1894 3145 2277 3208 cohaereant
2311 3166 2500 3229 quae-
2550 3165 2568 3198 ‘a

294 3251 574 3326 siverit.)
645 3244 762 3331 οὐχ
805 3249 1027 3332 ἑτέρου
1072 3237 1192 3313 οὖν
1228 3242 1420 3323 ὄντος
1456 3253 1528 3313 ἐν
1566 3256 1705 3324 τοῖς
1743 3243 1970 3323 &naute
2004 3241 2175 3325 (ὅσοι
2207 3242 2300 3332 μὴ
2334 3242 2502 3327 ὕλην

293 3352 419 3435 ἔχει
457 3351 583 3430 a4)
627 3349 747 3414 τοῦ
785 3353 1143 3433 νοουμένου
1177 3352 1289 3415 καὶ
1326 3351 1448 3414 τοῦ
1479 3352 1617 3426 νοῦ,
1661 3343 1738 3414 τὸ
1777 3345 1939 3413 αὐτὸ
1976 3350 2162 3415 ἔσται
2194 3344 2271 3416 τὸ
2305 3347 2500 3415 νοού-

291 3476 492 3539 μενον
537 3454 628 3536 τῷ
665 3446 899 3540 πρώτῳ
932 3453 1025 3535 νῷ
1069 3451 1191 3533 (de
1228 3474 1308 3517 eo
1347 3456 1512 3517 enim
1550 3456 1776 3541 agitur,
1818 3451 2095 3538 ideoque
2129 3453 2316 3519 facile
2352 3475 2500 3540 sup-

290 3556 453 3643 pleri
487 3559 763 3644 potest),
807 3557 919 3621 κοιὶ
957 3554 1001 3637 ἡ
1036 3552 1265 3637 νόησις
1301 3559 1392 3639 τῷ
1428 3560 1763 3641 νοουμένῳ
1799 3558 1938 3642 μία.
1972 3591 2057 3604 —
2101 3556 2206 3621 De
2243 3556 2367 3623 dat.
2405 3557 2498 3641 τῷ

290 3665 649 3745 νοουμένῳ,
707 3682 893 3746 quem
936 3681 1058 3746 pro
1102 3659 1278 3748 vulg.
1323 3663 1443 3726 τοῦ
1482 3664 1846 3745 νοουμένου
1891 3682 1965 3724 ex
2011 3659 2188 3725 Alex.
2232 3663 2500 3740 restitui,

293 3765 377 3829 ef.
414 3766 576 3831 obs.
621 3788 686 3850 p.
720 3767 864 3830 106.

424 3871 504 3951 e)
552 3870 763 3934 1075«
786 3871 831 3934 5
874 3869 995 3934 ἔτι
1043 3901 1123 3919 --
1174 3870 1259 3934 10
1297 3867 1575 3934 αἰῶνα.
1650 3870 1774 3932 Hic
1808 3867 1992 3933 locus
2031 3867 2360 3955 quomodo
2396 3890 2496 3935 ex-

292 3971 621 4059 plicandus
668 3971 960 4039 videatur
1003 3991 1146 4037 esse
1193 3981 1259 4036 et
1301 3971 1753 4050 emendandus,
1797 3975 2061 4058 exposui
2094 3973 2255 4039 Obs.
2289 3996 2354 4059 p.
2381 3976 2494 4050 193

292 4076 557 4140 similem
604 4086 670 4140 et
711 4078 1304 4165 interpretationem
1352 4084 1419 4139 et
1456 4074 1962 4140 emendationem
1999 4098 2034 4139 a
2070 4100 2129 4141 v.
2167 4076 2336 4143 doct.
2372 4079 2497 4142 Ra-

292 4182 549 4244 vaisson
597 4180 969 4261 (Essailsur
1004 4180 1064 4244 la
1098 4179 1255 4244 Met.
1291 4177 1462 4242 d’Ar.
1498 4180 1548 4244 1.
1586 4202 1648 4266 p.
1682 4181 1852 4261 199)
1895 4184 2290 4268 propositam
2338 4201 2495 4260 esse,

293 4295 520 4370 postea
564 4280 815 4347 demum
862 4286 1160 4372 cognovi.
1240 4284 1333 4347 Ex
1368 4289 1463 4362 ea,
1505 4307 1690 4369 quam
1730 4284 1774 4348 l.
1803 4283 1843 4349 l.
1887 4284 2245 4373 significavi
2286 4306 2495 4348 emen÷

294 4385 584 4466 datione,
645 4385 727 4451 ad
780 4389 947 4455 hanc
1002 4389 1406 4476 pervenimus
1462 4390 2081 4477 interpretationem:
2149 4387 2500 4475 Quaeritur
