<?xml version="1.0" encoding="UTF-8"?>
<!DOCTYPE html PUBLIC "-//W3C//DTD XHTML 1.0 Transitional//EN"
    "http://www.w3.org/TR/xhtml1/DTD/xhtml1-transitional.dtd">
<html xmlns="http://www.w3.org/1999/xhtml" xml:lang="en" lang="en">
 <head>
  <title>
</title>
<meta http-equiv="Content-Type" content="text/html;charset=utf-8" />
  <meta name='ocr-system' content='tesseract 3.04.00' />
  <meta name='ocr-capabilities' content='ocr_page ocr_carea ocr_par ocr_line ocrx_word'/>
</head>
<body>
  <div class='ocr_page' id='page_1' title='image "aristotelismeta02bonigoog_0285.png"; bbox 0 0 3043 4973; ppageno 0'>
   <div class='ocr_carea' id='block_1_1' title="bbox 1742 0 2772 2">
    <p class='ocr_par' dir='ltr' id='par_1_1' title="bbox 1742 0 2772 2">
     <span class='ocr_line' id='line_1_1' title="bbox 1742 0 2772 2; baseline 0 0"><span class='ocrx_word' id='word_1_1' title='bbox 1742 0 2772 2; x_wconf 95' lang='lat' dir='ltr'> </span> 
     </span>
    </p>
   </div>
   <div class='ocr_carea' id='block_1_2' title="bbox 1155 289 2550 375">
    <p class='ocr_par' dir='ltr' id='par_1_2' title="bbox 1155 289 2550 375">
     <span class='ocr_line' id='line_1_2' title="bbox 1155 289 2550 375; baseline 0.007 -11"><span class='ocrx_word' id='word_1_2' title='bbox 1155 294 1227 364; x_wconf 92' lang='grc' dir='ltr'><em>Δ</em></span> <span class='ocrx_word' id='word_1_3' title='bbox 1274 289 1393 365; x_wconf 82' lang='lat'>27.</span> <span class='ocrx_word' id='word_1_4' title='bbox 1477 289 1747 367; x_wconf 82' lang='lat' dir='ltr'>1024a.</span> <span class='ocrx_word' id='word_1_5' title='bbox 2406 298 2550 375; x_wconf 80' lang='lat'>273</span> 
     </span>
    </p>
   </div>
   <div class='ocr_carea' id='block_1_3' title="bbox 341 464 2559 2420">
    <p class='ocr_par' dir='ltr' id='par_1_3' title="bbox 342 464 2559 1982">
     <span class='ocr_line' id='line_1_3' title="bbox 350 464 2558 561; baseline 0.005 -31"><span class='ocrx_word' id='word_1_6' title='bbox 350 464 514 530; x_wconf 87' lang='lat' dir='ltr'>enim</span> <span class='ocrx_word' id='word_1_7' title='bbox 562 473 671 529; x_wconf 88' lang='lat' dir='ltr'>aut</span> <span class='ocrx_word' id='word_1_8' title='bbox 715 466 923 531; x_wconf 84' lang='lat' dir='ltr'>unitas</span> <span class='ocrx_word' id='word_1_9' title='bbox 975 474 1075 531; x_wconf 84' lang='lat' dir='ltr'>est</span> <span class='ocrx_word' id='word_1_10' title='bbox 1115 470 1397 555; x_wconf 86' lang='lat' dir='ltr'>generis,</span> <span class='ocrx_word' id='word_1_11' title='bbox 1445 468 1621 555; x_wconf 91' lang='lat' dir='ltr'>quod</span> <span class='ocrx_word' id='word_1_12' title='bbox 1666 469 1947 559; x_wconf 87' lang='lat' dir='ltr'>singulas</span> <span class='ocrx_word' id='word_1_13' title='bbox 1990 474 2234 559; x_wconf 86' lang='lat' dir='ltr'>species</span> <span class='ocrx_word' id='word_1_14' title='bbox 2281 474 2558 561; x_wconf 87' lang='lat' dir='ltr'>comple-</span> 
     </span>
     <span class='ocr_line' id='line_1_4' title="bbox 346 562 2556 665; baseline 0.005 -33"><span class='ocrx_word' id='word_1_15' title='bbox 346 578 552 632; x_wconf 71' lang='lat' dir='ltr'>oeatur</span> <span class='ocrx_word' id='word_1_16' title='bbox 588 569 737 648; x_wconf 80' lang='grc' dir='ltr'><strong><em>(καὶ</em></strong></span> <span class='ocrx_word' id='word_1_17' title='bbox 771 569 844 633; x_wconf 74' lang='grc' dir='ltr'>ἓν</span> <span class='ocrx_word' id='word_1_18' title='bbox 876 562 1146 634; x_wconf 79' lang='grc' dir='ltr'><strong><em>ἅπαντα</em></strong></span> <span class='ocrx_word' id='word_1_19' title='bbox 1181 566 1349 635; x_wconf 83' lang='grc' dir='ltr'><strong><em>εἶναι</em></strong></span> <span class='ocrx_word' id='word_1_20' title='bbox 1381 569 1470 649; x_wconf 83' lang='grc' dir='ltr'>ὡς</span> <span class='ocrx_word' id='word_1_21' title='bbox 1505 577 1782 639; x_wconf 74' lang='grc' dir='ltr'><strong><em>ἕκαστον</em></strong></span> <span class='ocrx_word' id='word_1_22' title='bbox 1816 576 1964 653; x_wconf 76' lang='grc' dir='ltr'>ῠ31,</span> <span class='ocrx_word' id='word_1_23' title='bbox 2004 576 2082 639; x_wconf 84' lang='lat' dir='ltr'>cf.</span> <span class='ocrx_word' id='word_1_24' title='bbox 2110 574 2286 642; x_wconf 84' lang='lat' dir='ltr'><strong>Alex.</strong></span> <span class='ocrx_word' id='word_1_25' title='bbox 2318 602 2382 665; x_wconf 93' lang='lat' dir='ltr'>p.</span> <span class='ocrx_word' id='word_1_26' title='bbox 2407 581 2556 658; x_wconf 85' lang='lat'>391,</span> 
     </span>
     <span class='ocr_line' id='line_1_5' title="bbox 344 664 2559 758; baseline 0.005 -21"><span class='ocrx_word' id='word_1_27' title='bbox 344 673 460 737; x_wconf 75' lang='lat'>23:</span> <span class='ocrx_word' id='word_1_28' title='bbox 516 664 596 736; x_wconf 80' lang='grc' dir='ltr'>τὸ</span> <span class='ocrx_word' id='word_1_29' title='bbox 653 671 724 737; x_wconf 73' lang='grc' dir='ltr'>ἓν</span> <span class='ocrx_word' id='word_1_30' title='bbox 778 665 1048 737; x_wconf 80' lang='grc' dir='ltr'><strong><em>ἅπαντα</em></strong></span> <span class='ocrx_word' id='word_1_31' title='bbox 1090 669 1258 744; x_wconf 82' lang='grc' dir='ltr'><strong><em>εἶναι</em></strong></span> <span class='ocrx_word' id='word_1_32' title='bbox 1309 672 1440 753; x_wconf 77' lang='grc' dir='ltr'>«ὡς</span> <span class='ocrx_word' id='word_1_33' title='bbox 1484 681 1803 741; x_wconf 76' lang='grc' dir='ltr'><strong><em>ἕκαστον»</em></strong></span> <span class='ocrx_word' id='word_1_34' title='bbox 1856 674 2215 758; x_wconf 85' lang='grc' dir='ltr'><strong><em>δηλωτικόν</em></strong></span> <span class='ocrx_word' id='word_1_35' title='bbox 2257 684 2397 746; x_wconf 75' lang='grc' dir='ltr'><strong><em>ἐστι</em></strong></span> <span class='ocrx_word' id='word_1_36' title='bbox 2437 683 2559 747; x_wconf 80' lang='grc' dir='ltr'>τοῦ</span> 
     </span>
     <span class='ocr_line' id='line_1_6' title="bbox 345 768 2558 865; baseline 0.005 -25"><span class='ocrx_word' id='word_1_37' title='bbox 345 768 470 854; x_wconf 79' lang='grc' dir='ltr'>τὴν</span> <span class='ocrx_word' id='word_1_38' title='bbox 512 770 793 855; x_wconf 75' lang='grc' dir='ltr'><em>ἑνότητα</em></span> <span class='ocrx_word' id='word_1_39' title='bbox 836 775 1002 859; x_wconf 71' lang='grc' dir='ltr'><strong><em>ἔχειν</em></strong></span> <span class='ocrx_word' id='word_1_40' title='bbox 1042 770 1136 860; x_wconf 85' lang='grc' dir='ltr'>μὴ</span> <span class='ocrx_word' id='word_1_41' title='bbox 1179 771 1350 842; x_wconf 69' lang='grc' dir='ltr'>κατὰ</span> <span class='ocrx_word' id='word_1_42' title='bbox 1395 783 1759 865; x_wconf 80' lang='grc' dir='ltr'><strong><em>συνέχειαν,</em></strong></span> <span class='ocrx_word' id='word_1_43' title='bbox 1815 776 1991 845; x_wconf 74' lang='grc' dir='ltr'><strong><em>ἀλλὰ</em></strong></span> <span class='ocrx_word' id='word_1_44' title='bbox 2044 782 2140 865; x_wconf 71' lang='grc' dir='ltr'>τῷ</span> <span class='ocrx_word' id='word_1_45' title='bbox 2189 776 2308 849; x_wconf 82' lang='grc' dir='ltr'>τὸν</span> <span class='ocrx_word' id='word_1_46' title='bbox 2352 778 2558 850; x_wconf 77' lang='grc' dir='ltr'><strong><em>αὐτὸν</em></strong></span> 
     </span>
     <span class='ocr_line' id='line_1_7' title="bbox 344 873 2556 971; baseline 0.004 -27"><span class='ocrx_word' id='word_1_47' title='bbox 344 873 547 961; x_wconf 80' lang='grc' dir='ltr'><strong><em>λόγον</em></strong></span> <span class='ocrx_word' id='word_1_48' title='bbox 592 883 870 944; x_wconf 76' lang='grc' dir='ltr'><strong><em>ἕκαστον</em></strong></span> <span class='ocrx_word' id='word_1_49' title='bbox 902 875 1121 944; x_wconf 79' lang='grc' dir='ltr'><strong><em>αὐτῶν</em></strong></span> <span class='ocrx_word' id='word_1_50' title='bbox 1160 883 1639 968; x_wconf 77' lang='grc' dir='ltr'><strong><em>ἐπιδέχεσθαι),</em></strong></span> <span class='ocrx_word' id='word_1_51' title='bbox 1684 893 1794 948; x_wconf 86' lang='lat' dir='ltr'>aut</span> <span class='ocrx_word' id='word_1_52' title='bbox 1828 885 2038 949; x_wconf 88' lang='lat' dir='ltr'>unitas</span> <span class='ocrx_word' id='word_1_53' title='bbox 2076 889 2369 971; x_wconf 84' lang='lat' dir='ltr'>corporis</span> <span class='ocrx_word' id='word_1_54' title='bbox 2405 908 2556 953; x_wconf 84' lang='lat' dir='ltr'>con-</span> 
     </span>
     <span class='ocr_line' id='line_1_8' title="bbox 345 981 2555 1072; baseline 0.005 -28"><span class='ocrx_word' id='word_1_55' title='bbox 345 984 535 1059; x_wconf 88' lang='lat' dir='ltr'>tinui,</span> <span class='ocrx_word' id='word_1_56' title='bbox 587 984 657 1045; x_wconf 89' lang='lat' dir='ltr'>in</span> <span class='ocrx_word' id='word_1_57' title='bbox 713 1002 841 1067; x_wconf 89' lang='lat' dir='ltr'>quo</span> <span class='ocrx_word' id='word_1_58' title='bbox 899 981 1192 1071; x_wconf 81' lang='lat' dir='ltr'><strong>singulae</strong></span> <span class='ocrx_word' id='word_1_59' title='bbox 1245 997 1460 1072; x_wconf 87' lang='lat' dir='ltr'>partes</span> <span class='ocrx_word' id='word_1_60' title='bbox 1519 986 1900 1054; x_wconf 76' lang='lat' dir='ltr'><strong>coalescant.</strong></span> <span class='ocrx_word' id='word_1_61' title='bbox 1990 988 2096 1056; x_wconf 91' lang='lat' dir='ltr'>De</span> <span class='ocrx_word' id='word_1_62' title='bbox 2149 1009 2332 1053; x_wconf 83' lang='lat' dir='ltr'>voce.</span> <span class='ocrx_word' id='word_1_63' title='bbox 2381 985 2555 1068; x_wconf 89' lang='grc' dir='ltr'><strong><em>ὅλον,</em></strong></span> 
     </span>
     <span class='ocr_line' id='line_1_9' title="bbox 347 1080 2558 1180; baseline 0.004 -31"><span class='ocrx_word' id='word_1_64' title='bbox 347 1080 529 1164; x_wconf 83' lang='grc' dir='ltr'><strong><em>ὅλως,</em></strong></span> <span class='ocrx_word' id='word_1_65' title='bbox 573 1081 882 1150; x_wconf 56' lang='grc' dir='ltr'><strong><em>καθόλου</em></strong></span> <span class='ocrx_word' id='word_1_66' title='bbox 925 1086 1008 1150; x_wconf 88' lang='lat' dir='ltr'>ad</span> <span class='ocrx_word' id='word_1_67' title='bbox 1054 1090 1540 1176; x_wconf 85' lang='lat' dir='ltr'>significandum</span> <span class='ocrx_word' id='word_1_68' title='bbox 1586 1112 1791 1180; x_wconf 87' lang='lat' dir='ltr'>genus</span> <span class='ocrx_word' id='word_1_69' title='bbox 1838 1095 2155 1178; x_wconf 81' lang='lat' dir='ltr'>usurpatis</span> <span class='ocrx_word' id='word_1_70' title='bbox 2201 1092 2280 1156; x_wconf 85' lang='lat' dir='ltr'>cf.</span> <span class='ocrx_word' id='word_1_71' title='bbox 2326 1093 2558 1157; x_wconf 81' lang='lat' dir='ltr'>Waitz</span> 
     </span>
     <span class='ocr_line' id='line_1_10' title="bbox 345 1187 2556 1283; baseline 0.003 -28"><span class='ocrx_word' id='word_1_72' title='bbox 345 1189 509 1276; x_wconf 88' lang='lat' dir='ltr'>Org.</span> <span class='ocrx_word' id='word_1_73' title='bbox 536 1192 657 1255; x_wconf 66' lang='lat'>17⁶</span> <span class='ocrx_word' id='word_1_74' title='bbox 680 1191 787 1256; x_wconf 85' lang='lat'>39.</span> <span class='ocrx_word' id='word_1_75' title='bbox 862 1187 1175 1256; x_wconf 84' lang='lat' dir='ltr'>Continui</span> <span class='ocrx_word' id='word_1_76' title='bbox 1219 1198 1509 1280; x_wconf 83' lang='lat' dir='ltr'>corporis</span> <span class='ocrx_word' id='word_1_77' title='bbox 1552 1205 1768 1281; x_wconf 87' lang='lat' dir='ltr'>partes</span> <span class='ocrx_word' id='word_1_78' title='bbox 1812 1194 1992 1281; x_wconf 87' lang='lat' dir='ltr'>quod</span> <span class='ocrx_word' id='word_1_79' title='bbox 2030 1190 2304 1280; x_wconf 78' lang='grc' dir='ltr'><strong><em>δυνάμει</em></strong></span> <span class='ocrx_word' id='word_1_80' title='bbox 2336 1199 2556 1283; x_wconf 83' lang='lat' dir='ltr'>potius</span> 
     </span>
     <span class='ocr_line' id='line_1_11' title="bbox 346 1294 2556 1383; baseline 0.003 -26"><span class='ocrx_word' id='word_1_81' title='bbox 346 1314 530 1379; x_wconf 90' lang='lat' dir='ltr'>quam</span> <span class='ocrx_word' id='word_1_82' title='bbox 575 1294 869 1379; x_wconf 75' lang='grc' dir='ltr'><strong><em>ἐνεργείᾳ</em></strong></span> <span class='ocrx_word' id='word_1_83' title='bbox 912 1297 1123 1360; x_wconf 86' lang='lat' dir='ltr'>inesse</span> <span class='ocrx_word' id='word_1_84' title='bbox 1167 1298 1288 1362; x_wconf 87' lang='lat' dir='ltr'>toti</span> <span class='ocrx_word' id='word_1_85' title='bbox 1334 1301 1595 1383; x_wconf 80' lang='lat' dir='ltr'>corpori</span> <span class='ocrx_word' id='word_1_86' title='bbox 1644 1297 1812 1377; x_wconf 89' lang='lat' dir='ltr'>dicit,</span> <span class='ocrx_word' id='word_1_87' title='bbox 1859 1297 1938 1362; x_wconf 87' lang='lat' dir='ltr'>cf.</span> <span class='ocrx_word' id='word_1_88' title='bbox 1982 1299 2048 1362; x_wconf 93' lang='lat' dir='ltr'><strong><em>Z</em></strong></span> <span class='ocrx_word' id='word_1_89' title='bbox 2087 1300 2189 1365; x_wconf 88' lang='grc'>13.</span> <span class='ocrx_word' id='word_1_90' title='bbox 2240 1299 2451 1365; x_wconf 75' lang='grc' dir='ltr'><strong>1039α</strong></span> <span class='ocrx_word' id='word_1_91' title='bbox 2486 1304 2556 1365; x_wconf 79' lang='lat'>4:</span> 
     </span>
     <span class='ocr_line' id='line_1_12' title="bbox 343 1390 2556 1486; baseline 0.004 -25"><span class='ocrx_word' id='word_1_92' title='bbox 343 1390 429 1461; x_wconf 76' lang='grc' dir='ltr'>τά</span> <span class='ocrx_word' id='word_1_93' title='bbox 486 1392 605 1462; x_wconf 84' lang='grc' dir='ltr'>δύο</span> <span class='ocrx_word' id='word_1_94' title='bbox 664 1391 868 1474; x_wconf 84' lang='grc' dir='ltr'><strong><em>οὕτως</em></strong></span> <span class='ocrx_word' id='word_1_95' title='bbox 920 1398 1281 1485; x_wconf 74' lang='grc' dir='ltr'><strong><em>ἐντελεχείᾳ</em></strong></span> <span class='ocrx_word' id='word_1_96' title='bbox 1335 1397 1647 1467; x_wconf 76' lang='grc' dir='ltr'><strong><em>οὐδεποτε</em></strong></span> <span class='ocrx_word' id='word_1_97' title='bbox 1691 1402 1762 1466; x_wconf 72' lang='grc' dir='ltr'>ἓν</span> <span class='ocrx_word' id='word_1_98' title='bbox 1806 1400 2190 1486; x_wconf 76' lang='grc' dir='ltr'><strong><em>ἐντελεχείᾳ,</em></strong></span> <span class='ocrx_word' id='word_1_99' title='bbox 2251 1399 2398 1468; x_wconf 81' lang='grc' dir='ltr'><strong><em>ἀλλ’</em></strong></span> <span class='ocrx_word' id='word_1_100' title='bbox 2437 1396 2556 1470; x_wconf 78' lang='grc' dir='ltr'>ἐὰν</span> 
     </span>
     <span class='ocr_line' id='line_1_13' title="bbox 344 1488 2556 1593; baseline 0.003 -27"><span class='ocrx_word' id='word_1_101' title='bbox 344 1495 615 1586; x_wconf 80' lang='grc' dir='ltr'><strong><em>δυνάμει</em></strong></span> <span class='ocrx_word' id='word_1_102' title='bbox 659 1494 778 1566; x_wconf 81' lang='grc' dir='ltr'>δύο</span> <span class='ocrx_word' id='word_1_103' title='bbox 821 1488 892 1589; x_wconf 81' lang='grc' dir='ltr'>ᾖ,</span> <span class='ocrx_word' id='word_1_104' title='bbox 949 1502 1133 1567; x_wconf 69' lang='grc' dir='ltr'><strong><em>ἔσται</em></strong></span> <span class='ocrx_word' id='word_1_105' title='bbox 1176 1509 1273 1583; x_wconf 73' lang='grc' dir='ltr'>ἕν,</span> <span class='ocrx_word' id='word_1_106' title='bbox 1334 1501 1479 1570; x_wconf 81' lang='grc' dir='ltr'><strong><em>οἷον</em></strong></span> <span class='ocrx_word' id='word_1_107' title='bbox 1534 1501 1578 1585; x_wconf 83' lang='grc' dir='ltr'><strong><em>ἡ</em></strong></span> <span class='ocrx_word' id='word_1_108' title='bbox 1624 1504 1941 1570; x_wconf 84' lang='grc' dir='ltr'><strong><em>διπλασία</em></strong></span> <span class='ocrx_word' id='word_1_109' title='bbox 1988 1508 2059 1569; x_wconf 80' lang='grc' dir='ltr'>ὲκ</span> <span class='ocrx_word' id='word_1_110' title='bbox 2102 1500 2220 1572; x_wconf 86' lang='grc' dir='ltr'>δύο</span> <span class='ocrx_word' id='word_1_111' title='bbox 2266 1503 2556 1593; x_wconf 79' lang='grc' dir='ltr'><strong><em>ἡμίσεων</em></strong></span> 
     </span>
     <span class='ocr_line' id='line_1_14' title="bbox 345 1598 2557 1696; baseline 0.003 -29"><span class='ocrx_word' id='word_1_112' title='bbox 345 1601 617 1688; x_wconf 80' lang='grc' dir='ltr'><strong><em>δυνάμει</em></strong></span> <span class='ocrx_word' id='word_1_113' title='bbox 660 1624 766 1688; x_wconf 80' lang='grc' dir='ltr'><strong><em>γε·</em></strong></span> <span class='ocrx_word' id='word_1_114' title='bbox 822 1600 868 1684; x_wconf 82' lang='grc' dir='ltr'>ἡ</span> <span class='ocrx_word' id='word_1_115' title='bbox 923 1598 1053 1694; x_wconf 78' lang='grc' dir='ltr'>γὰρ</span> <span class='ocrx_word' id='word_1_116' title='bbox 1106 1608 1462 1693; x_wconf 71' lang='grc' dir='ltr'><strong><em>ἐντελέχεια</em></strong></span> <span class='ocrx_word' id='word_1_117' title='bbox 1497 1608 1773 1695; x_wconf 81' lang='grc' dir='ltr'><strong><em>χωρίζει.</em></strong></span> <span class='ocrx_word' id='word_1_118' title='bbox 1865 1606 2112 1673; x_wconf 90' lang='lat' dir='ltr'>Eodem</span> <span class='ocrx_word' id='word_1_119' title='bbox 2171 1609 2306 1674; x_wconf 86' lang='lat' dir='ltr'>fere</span> <span class='ocrx_word' id='word_1_120' title='bbox 2364 1613 2557 1696; x_wconf 86' lang='lat' dir='ltr'>perti-</span> 
     </span>
     <span class='ocr_line' id='line_1_15' title="bbox 344 1700 2559 1800; baseline 0.004 -29"><span class='ocrx_word' id='word_1_121' title='bbox 344 1716 483 1787; x_wconf 87' lang='lat' dir='ltr'>net,</span> <span class='ocrx_word' id='word_1_122' title='bbox 527 1707 701 1793; x_wconf 91' lang='lat' dir='ltr'>quod</span> <span class='ocrx_word' id='word_1_123' title='bbox 749 1700 875 1772; x_wconf 86' lang='grc' dir='ltr'>ὅλα</span> <span class='ocrx_word' id='word_1_124' title='bbox 915 1707 1210 1795; x_wconf 81' lang='lat' dir='ltr'>pleniore</span> <span class='ocrx_word' id='word_1_125' title='bbox 1255 1731 1447 1777; x_wconf 90' lang='lat' dir='ltr'>sensu</span> <span class='ocrx_word' id='word_1_126' title='bbox 1492 1734 1568 1777; x_wconf 88' lang='lat' dir='ltr'>ea</span> <span class='ocrx_word' id='word_1_127' title='bbox 1613 1709 1880 1778; x_wconf 89' lang='lat' dir='ltr'>dicenda</span> <span class='ocrx_word' id='word_1_128' title='bbox 1924 1709 2190 1793; x_wconf 85' lang='lat' dir='ltr'>iudicat,</span> <span class='ocrx_word' id='word_1_129' title='bbox 2235 1734 2398 1799; x_wconf 89' lang='lat' dir='ltr'>quae</span> <span class='ocrx_word' id='word_1_130' title='bbox 2441 1735 2559 1800; x_wconf 91' lang='lat' dir='ltr'>per</span> 
     </span>
     <span class='ocr_line' id='line_1_16' title="bbox 342 1817 2552 1902; baseline 0.003 -27"><span class='ocrx_word' id='word_1_131' title='bbox 342 1820 647 1890; x_wconf 85' lang='lat' dir='ltr'>naturam,</span> <span class='ocrx_word' id='word_1_132' title='bbox 692 1833 877 1897; x_wconf 87' lang='lat' dir='ltr'>quam</span> <span class='ocrx_word' id='word_1_133' title='bbox 920 1834 1085 1899; x_wconf 87' lang='lat' dir='ltr'>quae</span> <span class='ocrx_word' id='word_1_134' title='bbox 1126 1836 1244 1902; x_wconf 88' lang='lat' dir='ltr'>per</span> <span class='ocrx_word' id='word_1_135' title='bbox 1277 1826 1476 1882; x_wconf 86' lang='lat' dir='ltr'>artem</span> <span class='ocrx_word' id='word_1_136' title='bbox 1516 1819 1645 1881; x_wconf 89' lang='lat' dir='ltr'>sint</span> <span class='ocrx_word' id='word_1_137' title='bbox 1681 1818 2000 1896; x_wconf 88' lang='lat' dir='ltr'>continua,</span> <span class='ocrx_word' id='word_1_138' title='bbox 2047 1817 2125 1880; x_wconf 87' lang='lat' dir='ltr'>cf.</span> <span class='ocrx_word' id='word_1_139' title='bbox 2159 1818 2222 1883; x_wconf 83' lang='lat'>6.</span> <span class='ocrx_word' id='word_1_140' title='bbox 2257 1818 2468 1884; x_wconf 75' lang='lat' dir='ltr'>loma</span> <span class='ocrx_word' id='word_1_141' title='bbox 2493 1819 2552 1883; x_wconf 84' lang='grc'>4.</span> 
     </span>
     <span class='ocr_line' id='line_1_17' title="bbox 344 1916 895 1982; baseline 0 -2"><span class='ocrx_word' id='word_1_142' title='bbox 344 1916 393 1980; x_wconf 96' lang='lat' dir='ltr'><em>I</em></span> <span class='ocrx_word' id='word_1_143' title='bbox 432 1916 492 1979; x_wconf 90' lang='lat'>1.</span> <span class='ocrx_word' id='word_1_144' title='bbox 542 1916 753 1981; x_wconf 77' lang='lat' dir='ltr'>1052a</span> <span class='ocrx_word' id='word_1_145' title='bbox 789 1917 895 1982; x_wconf 84' lang='lat'>23.</span> 
     </span>
    </p>

    <p class='ocr_par' dir='ltr' id='par_1_4' title="bbox 341 2013 2558 2420">
     <span class='ocr_line' id='line_1_18' title="bbox 475 2013 2558 2104; baseline 0.003 -21"><span class='ocrx_word' id='word_1_146' title='bbox 475 2020 564 2083; x_wconf 90' lang='grc' dir='ltr'><strong><em>Π</em></strong></span> <span class='ocrx_word' id='word_1_147' title='bbox 568 2019 667 2084; x_wconf 82' lang='grc' dir='ltr'>ἄν</span> <span class='ocrx_word' id='word_1_148' title='bbox 705 2030 771 2084; x_wconf 89' lang='lat' dir='ltr'>et</span> <span class='ocrx_word' id='word_1_149' title='bbox 807 2013 847 2084; x_wconf 90' lang='grc' dir='ltr'><strong><em>ὅ</em></strong></span> <span class='ocrx_word' id='word_1_150' title='bbox 859 2021 1030 2098; x_wconf 89' lang='grc' dir='ltr'><strong><em>λον,</em></strong></span> <span class='ocrx_word' id='word_1_151' title='bbox 1069 2022 1279 2086; x_wconf 73' lang='grc' dir='ltr'>1024α</span> <span class='ocrx_word' id='word_1_152' title='bbox 1306 2024 1566 2101; x_wconf 86' lang='grc'>1-10,</span> <span class='ocrx_word' id='word_1_153' title='bbox 1601 2026 1690 2088; x_wconf 87' lang='lat' dir='ltr'>ita</span> <span class='ocrx_word' id='word_1_154' title='bbox 1720 2022 2046 2104; x_wconf 83' lang='lat' dir='ltr'>differunt,</span> <span class='ocrx_word' id='word_1_155' title='bbox 2082 2034 2152 2091; x_wconf 89' lang='lat' dir='ltr'>ut</span> <span class='ocrx_word' id='word_1_156' title='bbox 2183 2023 2343 2090; x_wconf 88' lang='lat' dir='ltr'>illud</span> <span class='ocrx_word' id='word_1_157' title='bbox 2378 2046 2558 2090; x_wconf 87' lang='lat' dir='ltr'>usur-</span> 
     </span>
     <span class='ocr_line' id='line_1_19' title="bbox 341 2120 2558 2216; baseline 0.002 -28"><span class='ocrx_word' id='word_1_158' title='bbox 341 2132 533 2210; x_wconf 85' lang='lat' dir='ltr'>petur</span> <span class='ocrx_word' id='word_1_159' title='bbox 566 2120 649 2188; x_wconf 90' lang='lat' dir='ltr'>de</span> <span class='ocrx_word' id='word_1_160' title='bbox 682 2122 874 2188; x_wconf 87' lang='lat' dir='ltr'>rebus</span> <span class='ocrx_word' id='word_1_161' title='bbox 912 2144 1075 2210; x_wconf 89' lang='lat' dir='ltr'>quae</span> <span class='ocrx_word' id='word_1_162' title='bbox 1107 2135 1350 2191; x_wconf 87' lang='lat' dir='ltr'>mutato</span> <span class='ocrx_word' id='word_1_163' title='bbox 1387 2124 1617 2191; x_wconf 83' lang='lat' dir='ltr'>ordine</span> <span class='ocrx_word' id='word_1_164' title='bbox 1652 2126 1760 2192; x_wconf 86' lang='lat' dir='ltr'>vel</span> <span class='ocrx_word' id='word_1_165' title='bbox 1792 2127 1944 2196; x_wconf 89' lang='lat' dir='ltr'>loco</span> <span class='ocrx_word' id='word_1_166' title='bbox 1976 2128 2211 2210; x_wconf 77' lang='grc' dir='ltr'><strong><em>(θέσις</em></strong></span> <span class='ocrx_word' id='word_1_167' title='bbox 2248 2130 2382 2212; x_wconf 77' lang='lat'>1⁸2)</span> <span class='ocrx_word' id='word_1_168' title='bbox 2417 2151 2558 2216; x_wconf 86' lang='lat' dir='ltr'>par-</span> 
     </span>
     <span class='ocr_line' id='line_1_20' title="bbox 344 2227 2557 2319; baseline 0.003 -28"><span class='ocrx_word' id='word_1_169' title='bbox 344 2229 497 2292; x_wconf 87' lang='lat' dir='ltr'>tium</span> <span class='ocrx_word' id='word_1_170' title='bbox 541 2247 678 2292; x_wconf 91' lang='lat' dir='ltr'>non</span> <span class='ocrx_word' id='word_1_171' title='bbox 722 2237 1068 2307; x_wconf 85' lang='lat' dir='ltr'>mutantur,</span> <span class='ocrx_word' id='word_1_172' title='bbox 1125 2227 1252 2294; x_wconf 88' lang='lat' dir='ltr'>hoc</span> <span class='ocrx_word' id='word_1_173' title='bbox 1296 2228 1377 2295; x_wconf 91' lang='lat' dir='ltr'>de</span> <span class='ocrx_word' id='word_1_174' title='bbox 1422 2232 1499 2294; x_wconf 91' lang='lat' dir='ltr'>iis</span> <span class='ocrx_word' id='word_1_175' title='bbox 1545 2229 1765 2310; x_wconf 77' lang='lat' dir='ltr'>rebuS,</span> <span class='ocrx_word' id='word_1_176' title='bbox 1827 2253 2088 2318; x_wconf 88' lang='lat' dir='ltr'>quarum</span> <span class='ocrx_word' id='word_1_177' title='bbox 2147 2234 2287 2319; x_wconf 88' lang='lat' dir='ltr'>ipsa</span> <span class='ocrx_word' id='word_1_178' title='bbox 2331 2242 2557 2300; x_wconf 79' lang='lat' dir='ltr'>natura</span> 
     </span>
     <span class='ocr_line' id='line_1_21' title="bbox 343 2331 1702 2420; baseline 0 -24"><span class='ocrx_word' id='word_1_179' title='bbox 343 2341 620 2420; x_wconf 83' lang='lat' dir='ltr'>mutatur</span> <span class='ocrx_word' id='word_1_180' title='bbox 660 2340 897 2398; x_wconf 80' lang='lat' dir='ltr'>mutata</span> <span class='ocrx_word' id='word_1_181' title='bbox 938 2334 1209 2418; x_wconf 86' lang='lat' dir='ltr'>partium</span> <span class='ocrx_word' id='word_1_182' title='bbox 1256 2331 1702 2420; x_wconf 83' lang='lat' dir='ltr'>dispositione.</span> 
     </span>
    </p>
   </div>
   <div class='ocr_carea' id='block_1_4' title="bbox 1144 2596 1754 2674">
    <p class='ocr_par' dir='ltr' id='par_1_5' title="bbox 1144 2596 1754 2674">
     <span class='ocr_line' id='line_1_22' title="bbox 1144 2596 1754 2674; baseline 0.003 -2"><span class='ocrx_word' id='word_1_183' title='bbox 1144 2599 1200 2672; x_wconf 92' lang='lat' dir='ltr'>C</span> <span class='ocrx_word' id='word_1_184' title='bbox 1216 2597 1372 2673; x_wconf 87' lang='grc' dir='ltr'>ΑΡ.</span> <span class='ocrx_word' id='word_1_185' title='bbox 1437 2596 1754 2674; x_wconf 90' lang='lat' dir='ltr'>XXVII.</span> 
     </span>
    </p>
   </div>
   <div class='ocr_carea' id='block_1_5' title="bbox 342 2751 2561 4393">
    <p class='ocr_par' dir='ltr' id='par_1_6' title="bbox 342 2751 2561 4393">
     <span class='ocr_line' id='line_1_23' title="bbox 475 2751 2556 2842; baseline 0.003 -26"><span class='ocrx_word' id='word_1_186' title='bbox 475 2752 797 2819; x_wconf 85' lang='lat' dir='ltr'>Vocabuli</span> <span class='ocrx_word' id='word_1_187' title='bbox 853 2751 1214 2840; x_wconf 78' lang='grc' dir='ltr'><strong><em>κολοβός</em></strong></span> <span class='ocrx_word' id='word_1_188' title='bbox 1269 2776 1403 2821; x_wconf 90' lang='lat' dir='ltr'>non</span> <span class='ocrx_word' id='word_1_189' title='bbox 1459 2759 1702 2820; x_wconf 82' lang='lat' dir='ltr'>varium</span> <span class='ocrx_word' id='word_1_190' title='bbox 1762 2776 1943 2820; x_wconf 87' lang='lat' dir='ltr'>usum</span> <span class='ocrx_word' id='word_1_191' title='bbox 2001 2758 2430 2842; x_wconf 82' lang='lat' dir='ltr'>persequitur,</span> <span class='ocrx_word' id='word_1_192' title='bbox 2488 2755 2556 2822; x_wconf 90' lang='lat' dir='ltr'>id</span> 
     </span>
     <span class='ocr_line' id='line_1_24' title="bbox 344 2855 2559 2947; baseline 0.002 -26"><span class='ocrx_word' id='word_1_193' title='bbox 344 2855 517 2942; x_wconf 89' lang='lat' dir='ltr'>quod</span> <span class='ocrx_word' id='word_1_194' title='bbox 561 2856 641 2922; x_wconf 82' lang='lat' dir='ltr'>fit</span> <span class='ocrx_word' id='word_1_195' title='bbox 682 2862 749 2923; x_wconf 92' lang='lat' dir='ltr'>in</span> <span class='ocrx_word' id='word_1_196' title='bbox 793 2859 1056 2946; x_wconf 88' lang='lat' dir='ltr'>reliquis</span> <span class='ocrx_word' id='word_1_197' title='bbox 1100 2860 1285 2924; x_wconf 89' lang='lat' dir='ltr'>huius</span> <span class='ocrx_word' id='word_1_198' title='bbox 1327 2858 1477 2925; x_wconf 87' lang='lat' dir='ltr'>libri</span> <span class='ocrx_word' id='word_1_199' title='bbox 1521 2859 1860 2946; x_wconf 79' lang='lat' dir='ltr'>capitibus,</span> <span class='ocrx_word' id='word_1_200' title='bbox 1916 2858 2031 2925; x_wconf 85' lang='lat' dir='ltr'>sed</span> <span class='ocrx_word' id='word_1_201' title='bbox 2085 2862 2286 2947; x_wconf 80' lang='lat' dir='ltr'>ipsam</span> <span class='ocrx_word' id='word_1_202' title='bbox 2345 2862 2559 2925; x_wconf 88' lang='lat' dir='ltr'>notio-</span> 
     </span>
     <span class='ocr_line' id='line_1_25' title="bbox 343 2961 2559 3052; baseline 0.002 -28"><span class='ocrx_word' id='word_1_203' title='bbox 343 2981 489 3025; x_wconf 87' lang='lat' dir='ltr'>nem</span> <span class='ocrx_word' id='word_1_204' title='bbox 535 2961 790 3042; x_wconf 88' lang='lat' dir='ltr'>definit,</span> <span class='ocrx_word' id='word_1_205' title='bbox 842 2963 1140 3028; x_wconf 83' lang='lat' dir='ltr'>adhibitis</span> <span class='ocrx_word' id='word_1_206' title='bbox 1188 2964 1488 3051; x_wconf 88' lang='lat' dir='ltr'>exemplis</span> <span class='ocrx_word' id='word_1_207' title='bbox 1535 2963 1706 3028; x_wconf 93' lang='lat' dir='ltr'>unde</span> <span class='ocrx_word' id='word_1_208' title='bbox 1752 2963 2043 3052; x_wconf 81' lang='lat' dir='ltr'>singulae</span> <span class='ocrx_word' id='word_1_209' title='bbox 2088 2962 2373 3027; x_wconf 84' lang='lat' dir='ltr'>notionis</span> <span class='ocrx_word' id='word_1_210' title='bbox 2417 2986 2559 3050; x_wconf 84' lang='lat' dir='ltr'>par-</span> 
     </span>
     <span class='ocr_line' id='line_1_26' title="bbox 344 3062 2560 3154; baseline 0.001 -25"><span class='ocrx_word' id='word_1_211' title='bbox 344 3074 442 3129; x_wconf 90' lang='lat' dir='ltr'>tes</span> <span class='ocrx_word' id='word_1_212' title='bbox 490 3075 979 3154; x_wconf 80' lang='lat' dir='ltr'>cognoscantur.</span> <span class='ocrx_word' id='word_1_213' title='bbox 1070 3066 1137 3132; x_wconf 90' lang='lat' dir='ltr'>Si</span> <span class='ocrx_word' id='word_1_214' title='bbox 1183 3068 1336 3154; x_wconf 88' lang='lat' dir='ltr'>quid</span> <span class='ocrx_word' id='word_1_215' title='bbox 1380 3062 1669 3151; x_wconf 84' lang='grc' dir='ltr'><strong><em>κολοβόν</em></strong></span> <span class='ocrx_word' id='word_1_216' title='bbox 1716 3067 1843 3132; x_wconf 90' lang='lat' dir='ltr'>dici</span> <span class='ocrx_word' id='word_1_217' title='bbox 1886 3065 2199 3145; x_wconf 76' lang='lat' dir='ltr'>volumuS,</span> <span class='ocrx_word' id='word_1_218' title='bbox 2244 3065 2407 3130; x_wconf 92' lang='lat' dir='ltr'>illud</span> <span class='ocrx_word' id='word_1_219' title='bbox 2450 3065 2560 3132; x_wconf 89' lang='lat' dir='ltr'>de-</span> 
     </span>
     <span class='ocr_line' id='line_1_27' title="bbox 343 3164 2557 3257; baseline 0 -24"><span class='ocrx_word' id='word_1_220' title='bbox 343 3169 458 3233; x_wconf 90' lang='lat' dir='ltr'>bet</span> <span class='ocrx_word' id='word_1_221' title='bbox 500 3181 806 3256; x_wconf 86' lang='lat' dir='ltr'>quantum</span> <span class='ocrx_word' id='word_1_222' title='bbox 856 3180 920 3236; x_wconf 91' lang='lat' dir='ltr'>et</span> <span class='ocrx_word' id='word_1_223' title='bbox 964 3175 1331 3236; x_wconf 88' lang='lat' dir='ltr'>continuum</span> <span class='ocrx_word' id='word_1_224' title='bbox 1378 3192 1453 3234; x_wconf 88' lang='lat' dir='ltr'>ac</span> <span class='ocrx_word' id='word_1_225' title='bbox 1496 3193 1615 3257; x_wconf 88' lang='lat' dir='ltr'>per</span> <span class='ocrx_word' id='word_1_226' title='bbox 1658 3192 1749 3234; x_wconf 91' lang='lat' dir='ltr'>se·</span> <span class='ocrx_word' id='word_1_227' title='bbox 1774 3179 1977 3234; x_wconf 87' lang='lat' dir='ltr'>totum</span> <span class='ocrx_word' id='word_1_228' title='bbox 2026 3164 2181 3246; x_wconf 83' lang='lat' dir='ltr'>esse,</span> <span class='ocrx_word' id='word_1_229' title='bbox 2226 3169 2288 3233; x_wconf 85' lang='lat' dir='ltr'>h.</span> <span class='ocrx_word' id='word_1_230' title='bbox 2326 3191 2381 3233; x_wconf 88' lang='lat' dir='ltr'>e.</span> <span class='ocrx_word' id='word_1_231' title='bbox 2425 3191 2557 3233; x_wconf 88' lang='lat' dir='ltr'>mu-</span> 
     </span>
     <span class='ocr_line' id='line_1_28' title="bbox 342 3273 2554 3361; baseline 0 -25"><span class='ocrx_word' id='word_1_232' title='bbox 342 3274 461 3336; x_wconf 88' lang='lat' dir='ltr'>tari</span> <span class='ocrx_word' id='word_1_233' title='bbox 508 3284 741 3338; x_wconf 82' lang='lat' dir='ltr'>mutata</span> <span class='ocrx_word' id='word_1_234' title='bbox 786 3277 1055 3361; x_wconf 88' lang='lat' dir='ltr'>partium</span> <span class='ocrx_word' id='word_1_235' title='bbox 1111 3274 1568 3361; x_wconf 86' lang='lat' dir='ltr'>dispositione,</span> <span class='ocrx_word' id='word_1_236' title='bbox 1627 3273 1706 3337; x_wconf 82' lang='lat' dir='ltr'>cf.</span> <span class='ocrx_word' id='word_1_237' title='bbox 1754 3296 1807 3338; x_wconf 88' lang='lat' dir='ltr'>c.</span> <span class='ocrx_word' id='word_1_238' title='bbox 1850 3274 1968 3349; x_wconf 77' lang='lat'>263</span> <span class='ocrx_word' id='word_1_239' title='bbox 2025 3274 2093 3336; x_wconf 89' lang='lat' dir='ltr'>in</span> <span class='ocrx_word' id='word_1_240' title='bbox 2146 3275 2287 3358; x_wconf 88' lang='lat' dir='ltr'>ipsa</span> <span class='ocrx_word' id='word_1_241' title='bbox 2343 3283 2554 3336; x_wconf 88' lang='lat' dir='ltr'>autem</span> 
     </span>
     <span class='ocr_line' id='line_1_29' title="bbox 344 3376 2557 3462; baseline -0.001 -20"><span class='ocrx_word' id='word_1_242' title='bbox 344 3376 741 3442; x_wconf 86' lang='lat' dir='ltr'>mutilatione</span> <span class='ocrx_word' id='word_1_243' title='bbox 785 3399 1041 3443; x_wconf 89' lang='lat' dir='ltr'>manere</span> <span class='ocrx_word' id='word_1_244' title='bbox 1085 3377 1281 3444; x_wconf 88' lang='lat' dir='ltr'>debet</span> <span class='ocrx_word' id='word_1_245' title='bbox 1324 3379 1694 3455; x_wconf 88' lang='lat' dir='ltr'>substantia,</span> <span class='ocrx_word' id='word_1_246' title='bbox 1740 3380 1953 3462; x_wconf 82' lang='lat' dir='ltr'>itaque</span> <span class='ocrx_word' id='word_1_247' title='bbox 1997 3396 2205 3462; x_wconf 89' lang='lat' dir='ltr'>neque</span> <span class='ocrx_word' id='word_1_248' title='bbox 2253 3396 2369 3440; x_wconf 89' lang='lat' dir='ltr'>eae</span> <span class='ocrx_word' id='word_1_249' title='bbox 2412 3397 2557 3460; x_wconf 88' lang='lat' dir='ltr'>par-</span> 
     </span>
     <span class='ocr_line' id='line_1_30' title="bbox 344 3478 2556 3569; baseline -0 -24"><span class='ocrx_word' id='word_1_250' title='bbox 344 3492 443 3545; x_wconf 84' lang='lat' dir='ltr'>tes</span> <span class='ocrx_word' id='word_1_251' title='bbox 483 3492 756 3569; x_wconf 85' lang='lat' dir='ltr'>possunt</span> <span class='ocrx_word' id='word_1_252' title='bbox 799 3481 1121 3547; x_wconf 84' lang='lat' dir='ltr'>detractae</span> <span class='ocrx_word' id='word_1_253' title='bbox 1166 3503 1334 3561; x_wconf 89' lang='lat' dir='ltr'>esse,</span> <span class='ocrx_word' id='word_1_254' title='bbox 1388 3482 1617 3569; x_wconf 78' lang='lat' dir='ltr'>quibus</span> <span class='ocrx_word' id='word_1_255' title='bbox 1665 3479 1926 3545; x_wconf 81' lang='lat' dir='ltr'>sublatis</span> <span class='ocrx_word' id='word_1_256' title='bbox 1971 3478 2234 3545; x_wconf 88' lang='lat' dir='ltr'>toll&#39;atur</span> <span class='ocrx_word' id='word_1_257' title='bbox 2278 3482 2415 3566; x_wconf 89' lang='lat' dir='ltr'>ipsa</span> <span class='ocrx_word' id='word_1_258' title='bbox 2463 3482 2556 3545; x_wconf 86' lang='lat' dir='ltr'>rei</span> 
     </span>
     <span class='ocr_line' id='line_1_31' title="bbox 342 3580 2558 3673; baseline 0 -24"><span class='ocrx_word' id='word_1_259' title='bbox 342 3595 597 3665; x_wconf 85' lang='lat' dir='ltr'>natura,</span> <span class='ocrx_word' id='word_1_260' title='bbox 640 3580 725 3651; x_wconf 79' lang='grc' dir='ltr'>τὰ</span> <span class='ocrx_word' id='word_1_261' title='bbox 769 3581 961 3673; x_wconf 79' lang='grc' dir='ltr'><strong><em>κύρια</em></strong></span> <span class='ocrx_word' id='word_1_262' title='bbox 1006 3588 1123 3667; x_wconf 84' lang='grc' dir='ltr'>τῆς</span> <span class='ocrx_word' id='word_1_263' title='bbox 1171 3583 1431 3662; x_wconf 82' lang='grc' dir='ltr'><strong><em>οὐσίας,</em></strong></span> <span class='ocrx_word' id='word_1_264' title='bbox 1473 3607 1597 3650; x_wconf 87' lang='lat' dir='ltr'>nec</span> <span class='ocrx_word' id='word_1_265' title='bbox 1643 3602 1806 3671; x_wconf 83' lang='lat' dir='ltr'>quae</span> <span class='ocrx_word' id='word_1_266' title='bbox 1850 3580 2212 3670; x_wconf 86' lang='lat' dir='ltr'>ubicunque</span> <span class='ocrx_word' id='word_1_267' title='bbox 2256 3587 2396 3662; x_wconf 89' lang='lat' dir='ltr'>sint,</span> <span class='ocrx_word' id='word_1_268' title='bbox 2441 3582 2558 3649; x_wconf 90' lang='lat' dir='ltr'>sed</span> 
     </span>
     <span class='ocr_line' id='line_1_32' title="bbox 347 3689 2560 3777; baseline -0 -24"><span class='ocrx_word' id='word_1_269' title='bbox 347 3699 644 3756; x_wconf 81' lang='lat' dir='ltr'>externae</span> <span class='ocrx_word' id='word_1_270' title='bbox 689 3690 1026 3777; x_wconf 84' lang='lat' dir='ltr'>quaedam,</span> <span class='ocrx_word' id='word_1_271' title='bbox 1086 3710 1247 3777; x_wconf 88' lang='lat' dir='ltr'>quae</span> <span class='ocrx_word' id='word_1_272' title='bbox 1305 3693 1359 3754; x_wconf 83' lang='lat' dir='ltr'>si</span> <span class='ocrx_word' id='word_1_273' title='bbox 1416 3698 1595 3767; x_wconf 83' lang='lat' dir='ltr'>totae</span> <span class='ocrx_word' id='word_1_274' title='bbox 1655 3689 1978 3755; x_wconf 88' lang='lat' dir='ltr'>detractae</span> <span class='ocrx_word' id='word_1_275' title='bbox 2021 3690 2178 3766; x_wconf 84' lang='lat' dir='ltr'>sint,</span> <span class='ocrx_word' id='word_1_276' title='bbox 2231 3707 2363 3752; x_wconf 92' lang='lat' dir='ltr'>non</span> <span class='ocrx_word' id='word_1_277' title='bbox 2409 3708 2560 3773; x_wconf 86' lang='lat' dir='ltr'>pos-</span> 
     </span>
     <span class='ocr_line' id='line_1_33' title="bbox 345 3789 2559 3878; baseline 0 -23"><span class='ocrx_word' id='word_1_278' title='bbox 345 3795 473 3857; x_wconf 89' lang='lat' dir='ltr'>sint</span> <span class='ocrx_word' id='word_1_279' title='bbox 511 3797 779 3860; x_wconf 86' lang='lat' dir='ltr'>renasci.</span> <span class='ocrx_word' id='word_1_280' title='bbox 823 3831 912 3844; x_wconf 92' lang='lat'><strong>—</strong></span> <span class='ocrx_word' id='word_1_281' title='bbox 967 3797 1099 3860; x_wconf 88' lang='lat' dir='ltr'>Has</span> <span class='ocrx_word' id='word_1_282' title='bbox 1149 3795 1433 3860; x_wconf 87' lang='lat' dir='ltr'>notionis</span> <span class='ocrx_word' id='word_1_283' title='bbox 1478 3801 1689 3857; x_wconf 81' lang='lat' dir='ltr'>notas¹</span> <span class='ocrx_word' id='word_1_284' title='bbox 1714 3794 1866 3855; x_wconf 89' lang='lat' dir='ltr'>satis</span> <span class='ocrx_word' id='word_1_285' title='bbox 1913 3789 2168 3877; x_wconf 88' lang='lat' dir='ltr'>quidem</span> <span class='ocrx_word' id='word_1_286' title='bbox 2213 3794 2559 3878; x_wconf 88' lang='lat' dir='ltr'>perspicue</span> 
     </span>
     <span class='ocr_line' id='line_1_34' title="bbox 346 3893 2557 3986; baseline 0 -27"><span class='ocrx_word' id='word_1_287' title='bbox 346 3916 423 3960; x_wconf 87' lang='lat' dir='ltr'>ex</span> <span class='ocrx_word' id='word_1_288' title='bbox 480 3896 686 3961; x_wconf 89' lang='lat' dir='ltr'>allatis</span> <span class='ocrx_word' id='word_1_289' title='bbox 745 3896 1045 3984; x_wconf 68' lang='lat' dir='ltr'>exemplis</span> <span class='ocrx_word' id='word_1_290' title='bbox 1091 3898 1199 3963; x_wconf 88' lang='lat' dir='ltr'>Ar.</span> <span class='ocrx_word' id='word_1_291' title='bbox 1247 3896 1525 3986; x_wconf 82' lang='lat' dir='ltr'>colligit,</span> <span class='ocrx_word' id='word_1_292' title='bbox 1586 3916 1707 3959; x_wconf 85' lang='lat' dir='ltr'>neo</span> <span class='ocrx_word' id='word_1_293' title='bbox 1763 3904 1977 3958; x_wconf 86' lang='lat' dir='ltr'>tamen</span> <span class='ocrx_word' id='word_1_294' title='bbox 2032 3893 2271 3979; x_wconf 89' lang='lat' dir='ltr'>ubique</span> <span class='ocrx_word' id='word_1_295' title='bbox 2325 3896 2557 3959; x_wconf 88' lang='lat' dir='ltr'>iustum</span> 
     </span>
     <span class='ocr_line' id='line_1_35' title="bbox 347 3990 2559 4085; baseline -0 -22"><span class='ocrx_word' id='word_1_296' title='bbox 347 3997 714 4085; x_wconf 90' lang='lat' dir='ltr'>disputandi</span> <span class='ocrx_word' id='word_1_297' title='bbox 761 4001 1050 4066; x_wconf 85' lang='lat' dir='ltr'>ordinem</span> <span class='ocrx_word' id='word_1_298' title='bbox 1095 4011 1321 4080; x_wconf 83' lang='lat' dir='ltr'>servat,</span> <span class='ocrx_word' id='word_1_299' title='bbox 1364 3999 1566 4064; x_wconf 85' lang='lat' dir='ltr'>veluti</span> <span class='ocrx_word' id='word_1_300' title='bbox 1612 3997 1791 4083; x_wconf 89' lang='lat' dir='ltr'>quod</span> <span class='ocrx_word' id='word_1_301' title='bbox 1838 3996 1991 4062; x_wconf 88' lang='lat' dir='ltr'>dicit</span> <span class='ocrx_word' id='word_1_302' title='bbox 2028 3998 2194 4062; x_wconf 70' lang='lat'>⁶18:</span> <span class='ocrx_word' id='word_1_303' title='bbox 2246 3991 2423 4062; x_wconf 89' lang='grc' dir='ltr'><strong><em>ὅσων</em></strong></span> <span class='ocrx_word' id='word_1_304' title='bbox 2464 3990 2559 4082; x_wconf 77' lang='grc' dir='ltr'>μὴ</span> 
     </span>
     <span class='ocr_line' id='line_1_36' title="bbox 343 4095 2561 4193; baseline -0.001 -27"><span class='ocrx_word' id='word_1_305' title='bbox 343 4109 522 4166; x_wconf 79' lang='grc' dir='ltr'><strong><em>ποιεῖ</em></strong></span> <span class='ocrx_word' id='word_1_306' title='bbox 563 4099 608 4183; x_wconf 85' lang='grc' dir='ltr'><strong><em>ἡ</em></strong></span> <span class='ocrx_word' id='word_1_307' title='bbox 655 4105 850 4181; x_wconf 74' lang='grc' dir='ltr'><strong><em>θέσις</em></strong></span> <span class='ocrx_word' id='word_1_308' title='bbox 892 4097 1230 4193; x_wconf 75' lang='grc' dir='ltr'><strong><em>διαφοράν</em></strong></span> <span class='ocrx_word' id='word_1_309' title='bbox 1274 4100 1484 4169; x_wconf 79' lang='grc' dir='ltr'><strong><em>οὐθὲν</em></strong></span> <span class='ocrx_word' id='word_1_310' title='bbox 1527 4095 1846 4184; x_wconf 80' lang='grc' dir='ltr'><strong><em>κολοβόν,</em></strong></span> <span class='ocrx_word' id='word_1_311' title='bbox 1903 4120 2038 4165; x_wconf 92' lang='lat' dir='ltr'>non</span> <span class='ocrx_word' id='word_1_312' title='bbox 2086 4098 2366 4166; x_wconf 87' lang='lat' dir='ltr'>debebat</span> <span class='ocrx_word' id='word_1_313' title='bbox 2406 4110 2561 4164; x_wconf 85' lang='lat' dir='ltr'>tam-</span> 
     </span>
     <span class='ocr_line' id='line_1_37' title="bbox 345 4203 2561 4292; baseline -0.001 -23"><span class='ocrx_word' id='word_1_314' title='bbox 345 4227 531 4291; x_wconf 88' lang='lat' dir='ltr'>quam</span> <span class='ocrx_word' id='word_1_315' title='bbox 576 4228 807 4272; x_wconf 87' lang='lat' dir='ltr'>novam</span> <span class='ocrx_word' id='word_1_316' title='bbox 852 4217 1068 4272; x_wconf 89' lang='lat' dir='ltr'>notam</span> <span class='ocrx_word' id='word_1_317' title='bbox 1112 4209 1399 4272; x_wconf 90' lang='lat' dir='ltr'>notionis</span> <span class='ocrx_word' id='word_1_318' title='bbox 1444 4205 1693 4284; x_wconf 80' lang='lat' dir='ltr'>afferre,</span> <span class='ocrx_word' id='word_1_319' title='bbox 1736 4215 2073 4292; x_wconf 89' lang='lat' dir='ltr'>postquam</span> <span class='ocrx_word' id='word_1_320' title='bbox 2120 4204 2202 4269; x_wconf 89' lang='lat' dir='ltr'>ab</span> <span class='ocrx_word' id='word_1_321' title='bbox 2242 4206 2426 4268; x_wconf 90' lang='lat' dir='ltr'>initio</span> <span class='ocrx_word' id='word_1_322' title='bbox 2469 4203 2561 4267; x_wconf 90' lang='lat' dir='ltr'>di-</span> 
     </span>
     <span class='ocr_line' id='line_1_38' title="bbox 346 4303 2560 4393; baseline -0.002 -20"><span class='ocrx_word' id='word_1_323' title='bbox 346 4311 440 4373; x_wconf 86' lang='lat' dir='ltr'>xit</span> <span class='ocrx_word' id='word_1_324' title='bbox 493 4304 571 4376; x_wconf 84' lang='grc' dir='ltr'><strong><em>τὸ</em></strong></span> <span class='ocrx_word' id='word_1_325' title='bbox 628 4305 913 4393; x_wconf 80' lang='grc' dir='ltr'><strong><em>κολοβὸν</em></strong></span> <span class='ocrx_word' id='word_1_326' title='bbox 966 4312 1066 4376; x_wconf 81' lang='grc' dir='ltr'><strong><em>δεῖ</em></strong></span> <span class='ocrx_word' id='word_1_327' title='bbox 1124 4305 1294 4376; x_wconf 83' lang='grc' dir='ltr'><strong><em>εἶναι</em></strong></span> <span class='ocrx_word' id='word_1_328' title='bbox 1351 4306 1549 4376; x_wconf 90' lang='grc' dir='ltr'><strong><em>ὅλον</em></strong></span> <span class='ocrx_word' id='word_1_329' title='bbox 1595 4308 1764 4389; x_wconf 67' lang='lat'>⁶12,</span> <span class='ocrx_word' id='word_1_330' title='bbox 1822 4312 2053 4374; x_wconf 85' lang='lat' dir='ltr'>etenim</span> <span class='ocrx_word' id='word_1_331' title='bbox 2115 4303 2275 4373; x_wconf 92' lang='grc' dir='ltr'><strong><em>ὅλον</em></strong></span> <span class='ocrx_word' id='word_1_332' title='bbox 2332 4306 2560 4371; x_wconf 87' lang='lat' dir='ltr'>dicitur</span> 
     </span>
    </p>
   </div>
   <div class='ocr_carea' id='block_1_6' title="bbox 348 4402 2558 4588">
    <p class='ocr_par' dir='ltr' id='par_1_7' title="bbox 348 4402 2558 4588">
     <span class='ocr_line' id='line_1_39' title="bbox 348 4402 2558 4504; baseline -0.001 -28"><span class='ocrx_word' id='word_1_333' title='bbox 348 4406 526 4477; x_wconf 88' lang='grc' dir='ltr'><strong><em>ὅσων</em></strong></span> <span class='ocrx_word' id='word_1_334' title='bbox 580 4419 755 4478; x_wconf 82' lang='grc' dir='ltr'><strong><em>ποιεῖ</em></strong></span> <span class='ocrx_word' id='word_1_335' title='bbox 809 4410 851 4493; x_wconf 83' lang='grc' dir='ltr'><strong><em>ἡ</em></strong></span> <span class='ocrx_word' id='word_1_336' title='bbox 895 4415 1091 4490; x_wconf 74' lang='grc' dir='ltr'><strong><em>θέσις</em></strong></span> <span class='ocrx_word' id='word_1_337' title='bbox 1133 4409 1502 4504; x_wconf 81' lang='grc' dir='ltr'><strong><em>διαφοράν,</em></strong></span> <span class='ocrx_word' id='word_1_338' title='bbox 1558 4414 1666 4478; x_wconf 78' lang='lat'>26.</span> <span class='ocrx_word' id='word_1_339' title='bbox 1715 4414 1927 4479; x_wconf 79' lang='lat' dir='ltr'>1024a</span> <span class='ocrx_word' id='word_1_340' title='bbox 1973 4415 2037 4479; x_wconf 78' lang='lat'>2.</span> <span class='ocrx_word' id='word_1_341' title='bbox 2087 4448 2167 4463; x_wconf 91' lang='lat'>-</span> <span class='ocrx_word' id='word_1_342' title='bbox 2228 4413 2365 4478; x_wconf 72' lang='lat'>«216</span> <span class='ocrx_word' id='word_1_343' title='bbox 2409 4402 2558 4475; x_wconf 72' lang='grc' dir='ltr'>κᾶν</span> 
     </span>
     <span class='ocr_line' id='line_1_40' title="bbox 435 4517 2153 4588; baseline 0.001 -19"><span class='ocrx_word' id='word_1_344' title='bbox 435 4517 639 4570; x_wconf 84' lang='lat' dir='ltr'>Aristot.</span> <span class='ocrx_word' id='word_1_345' title='bbox 664 4519 883 4588; x_wconf 84' lang='lat' dir='ltr'>metaph.</span> <span class='ocrx_word' id='word_1_346' title='bbox 908 4520 988 4571; x_wconf 85' lang='lat' dir='ltr'>ed.</span> <span class='ocrx_word' id='word_1_347' title='bbox 1012 4518 1195 4572; x_wconf 80' lang='lat' dir='ltr'>Bonitz</span> <span class='ocrx_word' id='word_1_348' title='bbox 1215 4520 1329 4574; x_wconf 84' lang='lat' dir='ltr'>Vol.</span> <span class='ocrx_word' id='word_1_349' title='bbox 1353 4521 1416 4572; x_wconf 94' lang='grc' dir='ltr'>Π.</span> <span class='ocrx_word' id='word_1_350' title='bbox 2087 4518 2153 4571; x_wconf 87' lang='grc'>18</span> 
     </span>
    </p>
   </div>
  </div>
 </body>
</html>
