3043 4973
520 216 665 292 444
1144 201 1186 231 ⁴
1366 220 1411 287 ι
1453 215 1521 290 7.
1607 212 1791 288 1057
1810 161 1874 288 a.

518 394 612 477 τῷ
655 394 1055 480 συγκριτικῷ,
1098 414 1320 459 omnes
1366 402 1585 458 essent
1626 395 1797 457 inter
1840 412 1911 457 se
1956 392 2274 468 contrarii,
2317 408 2529 473 neque
2564 385 2733 452 alius

522 506 690 563 esset
732 501 993 562 omnino
1042 496 1244 576 color,
1287 498 1410 561 nisi
1458 507 1567 562 aut
1610 495 1794 561 albus
1835 503 1943 561 aut
1980 497 2181 582 niger,
2223 495 2381 568 11163
2428 495 2731 578 quoniam

521 609 726 666 autem
782 612 930 666 sunt
985 599 1236 685 quidam
1294 599 1486 666 medii
1541 604 1708 665 inter
1762 599 1911 664 illos
1966 596 2249 675 colores,
2309 599 2497 661 etiam
2544 595 2737 661 diffe-

520 707 755 769 rentias
803 726 942 770 esse
991 714 1279 790 oportet,
1324 725 1486 788 quae
1533 707 1700 768 inter
1745 705 2108 779 contrariaS,
2160 694 2237 764 τὸ
2284 700 2494 785 διακρ.
2542 710 2605 764 et
2648 696 2732 764 τὸ

521 827 771 894 συγκρ.,
829 806 1074 872 mediae
1134 807 1549 872 intercedant.
1641 807 1782 872 Hae
1839 809 2034 895 igitur
2078 805 2505 880 differentiae,
2564 824 2735 888 quae

518 932 653 975 non
700 921 849 976 sunt
890 915 956 976 in
1005 915 1147 997 ipso
1193 910 1481 977 colorum
1529 931 1768 997 genere
1814 910 1928 975 sed
1976 910 2103 974 hoc
2145 931 2348 997 genus
2395 906 2733 985 definiunt,

521 1013 693 1078 unde
736 1017 866 1078 sint
909 1013 1291 1101 repetendae
1338 1012 1770 1100 quaerendum
1810 1024 1922 1091 est,
1960 1015 2308 1078 tiz—20.
2383 1009 2737 1077 Contraria

522 1137 655 1182 non
700 1129 975 1203 possunt
1020 1117 1286 1182 alterum
1336 1139 1408 1182 ex
1465 1117 1669 1184 altero
1732 1120 2061 1204 componi,
2120 1116 2397 1200 ideoque
2444 1137 2518 1179 ea
2561 1117 2737 1201 prin-

524 1222 688 1306 cipia
733 1231 884 1285 sunt
926 1224 1311 1301 mutationiS‚
1349 1223 1505 1297 ⁶22;
1554 1220 1761 1286 media
1809 1230 2016 1286 autem
2065 1243 2228 1306 quae
2265 1229 2427 1296 sunt,
2478 1241 2551 1283 ea
2595 1240 2736 1305 pa-

521 1326 727 1389 riter
786 1335 895 1390 aut
950 1328 1159 1389 omnia
1219 1327 1571 1411 composita
1629 1346 1771 1391 esse
1821 1335 2080 1410 oportet
2127 1347 2201 1390 ex
2246 1325 2575 1388 contrariis
2620 1331 2734 1387 aut

522 1427 797 1507 nullum,
852 1431 997 1495 1123.
1101 1429 1293 1514 Atqui
1348 1428 1517 1494 fiunt
1575 1426 1883 1514 quaedam
1943 1452 2016 1493 ex
2082 1430 2415 1493 contrariis
2471 1429 2588 1505 ita,
2657 1434 2733 1491 ut

524 1531 607 1597 ad
649 1532 810 1597 haec
854 1532 935 1597 ab
983 1532 1184 1598 altero
1235 1554 1270 1596 e
1317 1535 1648 1597 contrariis
1706 1534 1886 1617 prius
1944 1543 2327 1611 transeatur,
2386 1552 2570 1617 quam
2618 1529 2730 1594 de-

522 1638 775 1702 venitur
830 1635 911 1699 ad
961 1636 1248 1701 alterum.
1339 1637 1516 1700 Haec
1575 1647 1638 1700 et
1694 1640 2046 1723 composita
2108 1647 2257 1702 sunt
2302 1658 2338 1700 e
2384 1637 2730 1713 contrariis,

525 1749 590 1803 et
635 1744 931 1824 quoniam
977 1740 1341 1826 qualitatem
1386 1740 1628 1804 habent
1671 1762 1833 1825 quae
1881 1741 2138 1806 alteram
2190 1763 2225 1805 e
2265 1742 2593 1805 contrariis
2630 1759 2732 1804 su·

523 1853 708 1928 perat
762 1843 1022 1908 alteram
1080 1844 1367 1910 nondum
1424 1848 1779 1929 assequitur
1837 1847 2189 1929 (ἑκατέρου
2235 1880 2319 1892 --
2366 1844 2476 1908 καὶ
2525 1832 2731 1922 ἧττον

522 1946 710 2010 ἔσται
751 1950 864 2012 καὶ
908 1949 1165 2030 μᾶλλον
1206 1950 1408 2029 ὁ25),
1463 1948 1671 2013 media
1730 1949 2129 2015 intercedunt
2182 1951 2349 2011 inter
2395 1948 2726 2010 contraria.

523 2049 702 2136 Ergo
747 2073 936 2135 quum
981 2052 1289 2137 quaedam
1334 2052 1538 2117 media
1587 2074 1623 2116 e
1669 2056 2000 2119 contrariis
2059 2053 2362 2138 componi
2411 2059 2729 2136 appareat,

526 2156 673 2237 quia
720 2152 941 2217 eadem
986 2164 1084 2219 est
1126 2155 1478 2220 mediorum
1527 2159 1807 2221 omnium
1854 2161 2035 2234 ratio,
2075 2158 2220 2233 1223,
2266 2158 2474 2220 omnia
2521 2153 2727 2218 media

526 2265 789 2340 oportet
834 2279 870 2320 e
918 2260 1248 2321 contrariis
1296 2280 1451 2336 esse,
1494 2260 1642 2337 ⁶26,
1695 2282 1904 2346 neque
1950 2259 2031 2325 ad
2078 2258 2202 2322 alia
2248 2259 2413 2323 ultro
2460 2266 2732 2344 possunt

524 2358 771 2437 referri,
818 2363 961 2446 quia
1005 2381 1141 2424 non
1187 2374 1335 2426 sunt
1367 2365 1584 2449 priora
1613 2360 1901 2447 ὁμογενῆ
1933 2386 2114 2450 quam
2150 2365 2482 2440 contraria,
2528 2384 2563 2426 e
2600 2364 2730 2448 qui-

524 2460 648 2527 bus
695 2466 909 2548 potius
954 2474 1343 2552 repetantur,
1386 2469 1736 2532 ⁶27—30.
1812 2467 1928 2531 His
1973 2470 2028 2532 si
2075 2466 2571 2534 demonstratum
2618 2475 2729 2544 est,

528 2565 920 2633 differentias
969 2591 1103 2647 eaS,
1150 2591 1316 2652 quae
1358 2571 1608 2635 mediae
1654 2571 1850 2636 veluti
1895 2574 2063 2636 inter
2107 2566 2206 2637 τὰ
2229 2565 2623 2655 διακριτικόν
2667 2580 2730 2634 et

525 2664 602 2736 τὸ
648 2669 1055 2759 συγκριτικόν
1100 2673 1531 2752 intercedunt,
1593 2696 1667 2739 ex
1725 2678 2014 2739 extremis
2074 2686 2142 2739 et
2183 2677 2520 2740 contrariis
2563 2695 2729 2738 com-

525 2778 769 2860 positas
817 2799 987 2856 esse,
1042 2798 1443 2862 consequens
1492 2789 1634 2856 est,.
1674 2789 1744 2843 ut
1791 2782 1975 2843 etiam
2023 2800 2186 2865 quae
2231 2801 2348 2865 per
2392 2780 2504 2842 has
2551 2777 2728 2843 diffe-

524 2882 762 2941 rentias
799 2878 1195 2944 definiuntur
1227 2884 1470 2966 species
1514 2875 1644 2960 (τὰ
1685 2878 1861 2945 κάτω
1896 2877 2117 2949 πάντα
2157 2885 2346 2962 ὺ31),
2391 2881 2588 2946 veluti
2624 2901 2728 2945 co-

522 2978 702 3045 lores
745 2984 911 3046 inter
956 2982 1164 3047 album
1215 2993 1279 3047 et
1321 2986 1571 3070 nigrum
1618 2985 1827 3063 medii,
1875 3008 1910 3051 e
1949 2989 2282 3050 contrariis
2317 2988 2443 3049 sint
2473 3005 2728 3070 compo-

526 3087 702 3150 sitae.
755 3123 832 3141 —-·-
896 3086 1121 3150 Omnis
1183 3087 1668 3175 argumentandi
1712 3091 1809 3152 vis
1853 3092 2020 3154 inest
2063 3093 2128 3153 in
2177 3088 2398 3153 eadem
2444 3092 2728 3153 mutatio-

526 3192 626 3254 nis
685 3193 1026 3255 continuae
1082 3195 1351 3257 notione
1409 3193 1607 3272 (⁶232
1666 3197 1737 3256 ἐκ
1794 3192 1862 3257 δὲ
1908 3194 2039 3257 τῶν
2084 3194 2398 3258 ἐναντίων
2440 3192 2727 3276 γίγνεταί

526 3315 606 3371 τι,
652 3288 806 3358 ὥστ’
845 3296 1030 3359 ἔσται
1071 3291 1407 3380 με’ταβολὴ
1454 3301 1545 3372 εἰς
1587 3296 1783 3361 τοῦτο
1830 3298 1986 3380 πρὶν
2023 3288 2070 3374 ἢ
2107 3301 2195 3372 εἰς
2233 3291 2458 3375 αὐτά),
2505 3319 2580 3361 ex
2611 3319 2727 3382 qua

524 3399 791 3461 omnino
838 3409 1124 3463 naturam
1167 3404 1299 3465 τῶν
1340 3395 1587 3484 μεταξύ
1625 3399 1923 3485 explicuit
1965 3399 2083 3478 (cf.
2133 3399 2218 3464 ad
2255 3402 2445 3482 1121),
2492 3412 2563 3465 ut
2597 3421 2729 3464 non

528 3499 900 3587 intelligam,
942 3525 1055 3566 mr
1098 3504 1262 3568 hanc
1305 3503 1865 3569 demonstrationis
1895 3513 2137 3589 partem
2170 3527 2205 3567 a
2238 3503 2497 3589 reliquis
2527 3507 2729 3569 seiun-

528 3607 706 3669 xerit.

660 3712 742 3775 ⁶4
789 3714 844 3775 εὶ
884 3693 1261 3794 μὲνγένος
1298 3713 1497 3776 ἔσται.
1561 3711 1842 3777 Alterum
1876 3710 2247 3776 dilemmatis
2278 3712 2647 3777 membrum:
2677 3717 2734 3777 εὶ

526 3811 600 3877 δὲ
628 3808 723 3896 μὴ
751 3815 934 3879 ἔσται
961 3818 1164 3897 γένος,
1194 3837 1327 3881 non
1358 3816 1682 3903 explicuit3
1714 3837 1922 3901 neque
1951 3815 2111 3880 illud
2140 3814 2550 3895 desideratur,
2580 3836 2733 3902 quo-

531 3919 699 3981 niam
732 3940 852 4003 per
885 3929 1081 3984 totam
1113 3925 1721 4008 argumentationem
1751 3931 1977 3987 natura
2009 3941 2227 3985 eorum
2260 3924 2734 3998 contrariorum,

531 4042 796 4107 quorum
825 4034 920 4087 est
944 4045 1163 4111 genus,
1192 4026 1465 4092 refertur
1489 4026 1569 4091 ad
1600 4049 1674 4091 ea
1703 4027 2034 4102 contraria,
2063 4034 2289 4111 utpote
2315 4027 2548 4111 priora,
2579 4045 2736 4111 quo-

530 4148 667 4192 rum
700 4147 839 4191 non
870 4138 966 4192 est
992 4151 1218 4217 genus.
1247 4169 1336 4182 -
1374 4133 1458 4195 bo
1502 4126 1589 4195 τὰ
1632 4129 1901 4194 ἐναντία
1946 4126 2083 4208 εἴδη
2131 4126 2215 4204 ὥς
2259 4130 2503 4211 γένους.
2580 4130 2734 4194 Νοιι

533 4229 810 4297 debebat
852 4230 1081 4295 Bekk:
1103 4236 1371 4300 ἐναντία
1416 4233 1494 4298 ab
1543 4232 1681 4313 ε’ίδη
1727 4241 2036 4299 commate
2080 4231 2503 4320 distinguere,
2549 4235 2733 4318 siqui-

535 4332 675 4400 dem
724 4357 797 4400 ea
844 4336 1179 4402 coniuncta
1224 4335 1448 4402 referri
1508 4347 1770 4425 oportet
1816 4336 1899 4404 ad
1941 4340 2015 4401 αἱ
2062 4336 2384 4426 διαφοραὶ
2429 4339 2499 4402 αἱ
2541 4333 2733 4416 ποιή-
