3043 4973
544 202 691 277 476
1359 206 1441 275 A
1488 203 1556 275 3.
1639 201 1908 277 1070a.

543 381 1064 466 interpretatione
1108 377 1406 464 explicuit
1449 402 1512 464 p.
1546 379 1694 457 648,
1739 379 1854 444 32:
1899 375 1980 444 οὐ
2019 373 2232 462 μόνον
2273 371 2362 442 τὰ
2402 373 2604 466 φύσει
2654 401 2771 461 yc-

541 476 791 566 νόμενά
834 486 996 547 εἰσιν
1040 477 1275 559 οὐσίαι,
1320 476 1493 546 ἀλλὰ
1537 483 1649 547 καὶ
1691 475 1777 546 τὰ
1820 475 1996 546 ἄλλα
2036 475 2189 561 ἤτοι
2224 475 2309 545 τὰ
2344 479 2773 566 ὑποκείμενα

542 593 689 661 ταῖς
730 588 985 670 τέχναις
1029 581 1250 649 οὐσίαι
1292 588 1472 651 εἰσίν.
1548 584 1921 651 obscuritas
1960 585 2303 649 verborum
2339 606 2473 650 non
2502 597 2647 650 tam
2685 607 2771 650 ex

541 687 854 753 brevitate
892 686 1145 753 dicendi
1185 698 1324 752 orta
1367 699 1479 768 est,
1524 711 1708 775 quam
1751 689 1903 754 inde
1945 690 2118 776 quod
2153 688 2484 754 indefinite
2520 679 2771 753 τᾶλλα

543 791 727 871 dixit,
780 813 906 877 quo
952 790 1269 856 vocabulo
1315 814 1478 878 quae
1521 815 1625 856 res
1670 792 2109 880 significentur
2152 795 2440 879 proximo
2486 791 2767 857 demum

544 917 620 960 ex
665 899 1001 961 enunciato
1050 895 1318 960 divinari
1356 906 1589 982 potest.
1628 933 1709 947 —
1752 897 1858 961 a8.
1886 890 2249 983 ἄνθρωπος
2289 890 2418 984 γὰρ
2462 890 2770 983 ἄνθρω-

540 1021 672 1065 πον
713 1002 932 1084 γεννᾷ.
1005 999 1369 1065 Referenda
1415 1001 1573 1067 baec
1617 1021 1758 1064 esse
1802 998 1884 1064 ad
1921 999 2417 1065 confirmandam
2450 1002 2767 1086 superio-

542 1123 674 1168 rem
720 1106 1226 1168 enunciationem
1267 1123 1302 1158 a
1318 1106 1387 1169 4:
1441 1099 1685 1183 ἑκάστη
1742 1108 1813 1168 ἐκ
1869 1100 2248 1188 συνωνύμου
2289 1106 2586 1188 γίγνεται.
2640 1100 2765 1168 οὐ-

543 1207 676 1285 σία,
718 1229 870 1271 vere
900 1207 1076 1274 Alex.
1122 1219 1341 1273 monet
1379 1232 1440 1294 p.
1474 1209 1624 1287 648,
1657 1209 1775 1284 3ος
1821 1207 2295 1294 transponenda
2341 1218 2549 1273 autem
2604 1229 2762 1273 esse

539 1309 717 1375 illum
762 1314 828 1375 in
870 1311 1099 1389 locum,
1145 1335 1306 1399 quae
1337 1312 1544 1376 Schw.
1590 1321 1689 1376 est
1724 1316 2054 1391 sententia,
2096 1334 2231 1377 non
2269 1311 2558 1377 arbitror.
2641 1313 2760 1376 Et-

544 1418 710 1480 enim
754 1424 819 1479 et
850 1417 1111 1481 multum
1144 1417 1578 1506 negligentiae
1611 1416 2089 1482 concedendum
2123 1417 2274 1482 huic
2304 1415 2759 1502 disputationi,

543 1529 625 1597 et,
671 1522 727 1583 si
770 1525 1153 1608 transposita
1200 1533 1414 1587 essent
1456 1522 1615 1586 baec
1648 1519 1862 1600 verba,
1906 1541 2040 1584 non
2077 1524 2280 1608 magis
2318 1529 2465 1606 apte
2503 1518 2758 1584 deinde

542 1624 887 1690 diceretur:
932 1619 1016 1690 τὰ
1058 1619 1187 1712 γὰρ
1233 1620 1425 1715 φύσει
1458 1626 1613 1704 κτλ.,
1657 1647 1818 1711 quae
1853 1624 2049 1689 verba
2090 1633 2158 1688 et
2192 1628 2332 1710 ipsa
2372 1623 2454 1689 ad
2490 1620 2755 1702 ἑκάστη

541 1725 737 1794 οὐσία
780 1729 1114 1795 referenda
1159 1740 1324 1793 sunt.

672 1922 756 2000 6)
811 1921 1270 2008 Distinguitur
1312 1924 1590 1988 materia
1606 1968 1627 2004 ,
1662 1921 1902 2008 forma
1915 1968 1935 2004 ‚
1993 1946 2102 1987 res
2143 1945 2227 1986 ecc
2268 1931 2548 2008 utraque
2588 1943 2751 1985 con-

539 2033 737 2088 creta.
818 2026 1177 2105 Quaeritur
1217 2051 1370 2092 num
1392 2026 1669 2113 formae
1704 2051 1829 2113 per
1871 2050 1943 2091 se
1975 2050 2118 2092 esse
2141 2029 2425 2112 possint,
2469 2033 2536 2090 et
2569 2023 2750 2089 diiu-

541 2127 801 2193 dicatur
814 2131 1022 2215 sacta
1062 2132 1497 2212 distinctione,
1538 2155 1706 2220 quae
1739 2155 1979 2197 causae
2002 2134 2268 2218 priores
2305 2132 2437 2196 sint
2473 2129 2747 2219 effectu,

541 2254 709 2318 quae
751 2236 965 2317 simul,
1014 2238 1222 2301 1070a
1257 2236 1518 2302 9-30,

677 2355 768 2417 a9
808 2352 1090 2420 οὐσίαι
1124 2357 1204 2421 δὲ
1238 2363 1475 2441 τρεῖς.
1551 2355 1783 2420 Iisdem
1812 2353 2021 2420 verbis
2051 2376 2258 2440 supra,
2303 2357 2362 2419 1.
2395 2355 2611 2418 1069a
2636 2354 2745 2429 3⁰,

539 2458 947 2541 partitionem
973 2460 1363 2526 substantiae
1387 2460 1585 2549 longe
1613 2459 1921 2525 diversam
1948 2458 2350 2547 significavit.
2406 2456 2545 2522 Illic
2572 2460 2742 2522 enim

542 2559 810 2627 ambitus
855 2567 1137 2630 notionis
1182 2565 1570 2630 substantiae
1615 2563 1921 2629 dividitur
1972 2573 2035 2627 et
2081 2562 2330 2628 diversa
2373 2584 2582 2626 rerum
2613 2582 2744 2651 ‘ge-

540 2685 696 2728 nera
728 2665 1215 2756 distinguuntur,
1243 2669 1355 2734 ubi
1387 2670 1637 2756 quidem
1666 2666 1983 2757 partiendi
2012 2671 2293 2732 rationes
2324 2677 2472 2732 sunt
2500 2668 2744 2755 φθαρ-

540 2762 661 2833 τόν
704 2764 1089 2858 ἄφθαρτον,
1135 2770 1399 2853 κινητόν
1442 2772 1780 2853 ἀκίνητον;
1824 2772 1928 2835 hic
1969 2793 2125 2836 vero
2172 2774 2239 2835 in
2278 2770 2498 2836 eadem
2538 2792 2631 2848 re,
2679 2776 2743 2832 et

543 2891 618 2934 ea
664 2874 917 2956 quidem
963 2877 1276 2953 mutabili,
1330 2876 1622 2964 singulae
1673 2875 2146 2962 distinguuntur
2188 2873 2580 2939 substantiae
2626 2893 2742 2937 no-

541 2984 644 3039 tae
702 2986 892 3063 atque
953 2991 1015 3042 et
1066 2979 1331 3067 singulis
1377 2981 1475 3044 his
1519 2983 1719 3057 notis,
1776 2983 2072 3044 materiae
2118 2989 2183 3043 et
2225 2980 2492 3058 formae,
2552 2990 2620 3044 et
2665 2979 2739 3053 ei,
2783 3031 2786 3036 .

541 3101 707 3164 quae
752 3102 825 3145 ex
871 3094 1136 3168 utraque
1183 3083 1435 3163 coaluit,
1477 3087 1574 3148 rei
1620 3097 1954 3148 concretae
1989 3084 2117 3147 hoc
2152 3083 2460 3161 tribuitur,
2504 3094 2577 3148 ut
2615 3100 2736 3169 pro

540 3182 909 3252 substantiis
943 3187 1309 3268 habeantur,
1355 3188 1433 3252 cf.
1471 3187 1551 3252 ad
1589 3190 1652 3252 Z
1675 3191 1735 3253 2.
1808 3187 2140 3252 Materiam
2183 3198 2392 3252 autem
2437 3186 2615 3273 quod
2651 3185 2739 3250 di-

541 3291 627 3352 cit
673 3312 812 3354 esse
855 3286 1006 3356 τόδε
1050 3314 1141 3369 τι,
1199 3297 1237 3356 i.
1279 3315 1333 3357 e.
1380 3292 1712 3358 definitum
1756 3290 2101 3377 quidpiam,
2161 3302 2382 3376 aperte
2423 3298 2739 3378 repugnat

541 3391 680 3455 aliis
726 3393 902 3472 lociS,
945 3393 1143 3459 veluti
1187 3397 1278 3461 H
1306 3400 1363 3461 1.
1405 3400 1614 3461 1042a
1645 3399 1758 3460 27:
1814 3391 1979 3474 ὕλην
2022 3396 2091 3460 δὲ
2135 3396 2297 3478 λέγω
2343 3389 2387 3473 ἢ
2432 3389 2539 3479 μὴ
2584 3389 2735 3458 τόδε

541 3517 605 3558 τι
651 3485 821 3560 οὖσα
865 3501 1156 3584 ἐνεργείᾳ
1201 3495 1470 3582 δυνάμει
1513 3502 1651 3566 ἐστὶ
1695 3494 1843 3564 τόδε
1887 3522 1967 3563 τι.
2036 3500 2099 3562 Ζ
2131 3501 2190 3564 3.
2238 3499 2448 3563 1029a
2479 3500 2585 3576 20,
2627 3497 2732 3561 27.

544 3597 628 3662 de
659 3620 758 3662 an.
790 3600 850 3665 ΙΙ
888 3604 949 3665 1.
986 3603 1151 3666 412a
1180 3608 1235 3680 7,
1279 3603 1390 3666 ubi
1433 3604 1529 3666 his
1573 3607 1723 3689 ipsis
1764 3601 1977 3666 verbis
2014 3597 2163 3666 τόδε
2200 3625 2264 3666 τι
2296 3605 2558 3666 materia
2595 3618 2734 3666 esse

543 3713 830 3792 negatur.
906 3705 1036 3770 Sed
1082 3706 1259 3772 addit
1301 3718 1472 3771 certe
1516 3705 1691 3792 quod
1732 3728 1869 3771 eam
1903 3705 2340 3771 definitionem
2375 3705 2546 3769 laxet
2580 3723 2733 3791 quo-

545 3807 882 3874 dammodo
945 3820 1009 3902 et
1068 3821 1346 3888 excuset,
1403 3814 1494 3894 τῷ
1547 3811 1947 3900 φαίνεσθαι,
2004 3813 2044 3878 i.
2088 3832 2141 3873 e.
2184 3812 2444 3873 materia
2485 3831 2620 3874 non
2662 3826 2730 3870 re

543 3932 724 3990 vera,
780 3912 894 3978 sed
937 3916 1370 4001 imaginationi
1415 3923 1658 3978 tantum
1705 3924 1800 3978 est
1843 3909 1992 3978 τόδε
2035 3936 2127 3991 τι,
2172 3915 2469 3997 quoniam
2512 3923 2731 3999 poten-

544 4016 689 4078 tiam
720 4015 909 4080 habet
936 4019 1060 4083 τοῦ
1083 4020 1437 4101 γίγνεσθαι
1465 4014 1615 4084 τόδε
1646 4042 1724 4082 τι.
1796 4018 1891 4082 Ita
1933 4015 2259 4081 obscurius
2288 4015 2457 4081 idem
2486 4016 2731 4081 videtur

548 4117 793 4195 dixisse,
838 4119 1012 4203 quod
1053 4121 1144 4185 H
1175 4121 1216 4185 l.
1258 4121 1300 4184 l.
1347 4125 1556 4207 aptius
1603 4121 1916 4187 definivit:
1963 4115 2234 4199 δυνάμει
2276 4122 2414 4185 ἐστὶ
2458 4116 2607 4185 τόδε
2650 4139 2727 4181 τι.

547 4221 890 4301 (Conferri
929 4245 1066 4287 cum
1108 4246 1170 4288 v,
1204 4227 1296 4306 τῷ
1330 4227 1706 4313 φαίνεσθαρ
1740 4228 1926 4289 etiam
1959 4233 2191 4312 potest,
2240 4222 2415 4309 quod
2459 4216 2726 4312 ὁρισμόν

544 4329 844 4392 materiae
883 4347 1021 4392 esse
1058 4327 1167 4393 Ar.
1211 4338 1420 4416 negat,
1464 4330 1528 4392 Z
1550 4331 1653 4394 10.
1687 4331 1895 4395 1036a
1914 4330 1974 4410 8,
2017 4337 2082 4393 et
2115 4327 2302 4394 Plato
2347 4349 2483 4393 eam
2525 4321 2726 4394 ἁπτὸν
