3043 4973
1121 211 1194 282 A
1243 208 1360 283 30.
1446 208 1713 286 1025α.
2375 211 2521 287 277

315 380 510 446 modo
556 391 653 446 est
697 403 797 447 res
841 385 982 470 ipsa
1026 405 1144 470 per
1187 407 1258 450 se
1303 396 1368 451 et
1412 384 1633 451 eadem
1668 407 1782 451 -res
1829 409 1966 452 cum
2006 387 2338 454 accidente
2374 381 2526 456 con-

308 488 523 550 iuncta
570 481 814 566 (ταύτό
851 509 987 564 πως
1025 484 1188 553 αὐτὸ
1226 490 1338 554 καὶ
1374 484 1540 556 αὐτὸ
1579 487 1940 570 πεπονθός,
1988 491 2064 556 cf.
2097 491 2180 557 ad
2209 495 2271 558 6.
2308 494 2524 559 1015ὂ

312 591 466 672 16),
530 588 735 654 eidem
789 593 883 655 rei
927 590 1112 676 plura
1155 592 1518 677 praedicata
1566 616 1717 659 vere
1761 605 2033 680 possunt
2078 594 2288 660 tribui.
2366 593 2402 661 6
2452 597 2524 662 δὲ

304 686 555 777 ψευδὴς
590 688 789 776 λόγος
825 689 1111 771 οὐθενός
1147 699 1326 760 ἐστιν
1361 692 1633 773 ἁπλῶς
1668 692 1866 779 λόγος
1898 699 2047 778 ὂ31,
2083 702 2125 763 i.
2160 720 2216 764 e.
2251 699 2518 784 κυρίως·

302 795 537 882 κυρίως
578 788 709 881 γὰρ
751 792 1031 863 ἑκάστου
1063 794 1260 882 λόγος
1293 795 1331 863 6
1368 794 1668 880 ἀληθής·
1712 791 1907 902 οὗτος
1936 796 2065 887 γὰρ
2099 804 2213 868 καὶ
2250 806 2517 877 οἰκεῖος·

304 894 343 961 6
391 898 459 962 δὲ
502 892 754 987 ψευδὴς
795 894 981 966 καθὸ
1023 896 1273 987 ψευδὴς
1315 923 1483 987 μετα
1536 891 1933 988 προσθήκης
1976 907 2224 971 ἐκείνου
2267 905 2518 988 γίνεται

304 996 503 1084 λόγος
546 991 627 1066 οὗ
669 1005 807 1068 ἐστὶ
850 1001 1129 1092 ψευδής·
1185 1008 1410 1091 ἑτέρου
1451 1002 1581 1092 γάρ
1625 1029 1802 1082 τινος
1846 1009 1980 1073 κτλ.
2047 1007 2222 1073 Alex.
2266 1030 2329 1093 p.
2369 1008 2517 1086 400,

304 1105 408 1170 16.
459 1142 539 1155 -
589 1105 997 1172 Antisthenes
1043 1129 1229 1185 vero,
1276 1130 1465 1194 quum
1509 1131 1645 1174 non
1690 1114 2146 1197 perspexisset,
2190 1110 2516 1197 quomodo

304 1206 511 1272 eidem
553 1212 650 1273 rei
699 1210 1027 1277 subiectae
1075 1211 1258 1297 plura
1287 1217 1544 1298 possint
1570 1212 1931 1299 praedicata
1963 1215 2171 1295 tribui,
2217 1212 2374 1279 nihil
2403 1235 2518 1279 vo-

299 1310 423 1376 luit
468 1311 550 1376 de
594 1312 877 1397 qualibet
919 1337 989 1380 re
1035 1316 1391 1402 praedicari
1434 1318 1558 1380 nisi
1597 1320 1794 1403 ipsam
1829 1319 1991 1383 hanc
2019 1340 2153 1384 rem
2199 1318 2320 1399 (cf.
2354 1318 2513 1383 Plat.

301 1414 506 1499 Soph.
550 1416 770 1482 251b:
822 1421 1171 1506 χαίρουσιν
1230 1416 1346 1484 οὐκ
1394 1419 1621 1496 ἐῶντες
1666 1415 1942 1505 ἀγαθὰν
1987 1423 2197 1505 λέγειν
2241 1416 2515 1508 ἅνθρω-

295 1540 462 1597 πον,
517 1514 691 1584 ἀλλὰ
733 1514 810 1586 τὸ
852 1524 975 1607 μὲν
1017 1517 1295 1607 ἀγαθὸν
1337 1517 1644 1606 ἀγαθόν,
1702 1517 1823 1589 τὸν
1864 1525 1935 1590 δὲ
1978 1518 2351 1614 ἄνθρωπον
2394 1520 2514 1590 ἄν·

296 1622 654 1708 θρωπον),
710 1624 886 1690 unde
941 1647 1339 1711 consequens
1400 1636 1525 1705 est,
1578 1635 1654 1691 ut
1698 1630 1903 1692 omnis
1946 1628 2213 1694 tollatur
2256 1640 2513 1695 contro·

294 1728 510 1789 versia
556 1726 675 1806 (cf.
710 1731 877 1815 Top.
915 1729 946 1793 1
986 1731 1088 1795 11.
1132 1731 1290 1795 104ῠ
1324 1732 1439 1794 20:
1486 1726 1604 1794 οὐκ
1648 1731 1823 1795 ἔστιν
1862 1728 2238 1817 ἀντιλέγειν,
2281 1727 2512 1797 καθά-

293 1851 419 1914 περ
479 1831 610 1918 ἔφη
648 1828 1114 1914 Ἀντισθένης)
1172 1836 1448 1919 itemque
1508 1836 1714 1898 omnis
1774 1855 1973 1902 error.
2063 1835 2212 1917 (Cf.
2266 1835 2348 1900 de
2392 1836 2513 1900 hac

297 1934 693 1998 Antisthenis
735 1939 1050 2000 sententia
1094 1935 1369 2006 Brandis
1400 1937 1632 2001 Gesch.
1680 1939 1742 2002 11
1789 1941 1847 2002 1.
1894 1963 1956 2026 p.
1988 1941 2095 2005 81.
2151 1939 2365 2004 Zeller
2394 1940 2506 2004 Ph.

296 2035 363 2100 d.
397 2035 512 2101 Gr.
548 2036 625 2101 11.
672 2060 736 2124 p.
773 2041 928 2119 115,
977 2049 1042 2104 et
1069 2062 1191 2105 nos
1223 2040 1305 2104 ad
1336 2042 1423 2105 H
1446 2042 1508 2106 3.
1544 2042 1916 2123 10431123.)
1982 2045 2068 2109 At
2110 2054 2383 2130 possunt
2427 2047 2510 2108 ei-

296 2139 444 2203 dem
490 2143 584 2205 rei
629 2140 815 2228 plura
859 2152 1116 2228 praeter
1160 2147 1360 2230 ipsam
1397 2165 1528 2208 rem
1559 2145 1909 2230 praedicati
1939 2145 2089 2211 loco
2121 2146 2341 2227 tribui,
2375 2169 2510 2213 non

295 2242 498 2308 modo
544 2266 659 2329 per
706 2268 1016 2326 errorem,
1057 2246 1125 2311 id
1172 2246 1347 2333 quod
1392 2268 1580 2313 nemo
1628 2247 1890 2328 dubitat,
1930 2251 2191 2340 ψευδῶς
2232 2254 2352 2334 μὲν
2395 2253 2509 2318 καὶ

294 2349 633 2424 παντελῶς
670 2352 818 2427 ῠ36,
861 2350 979 2415 sed
1025 2353 1213 2416 etiam
1257 2372 1425 2428 vere,
1471 2351 1648 2437 quod
1693 2357 1953 2441 negavit
1997 2354 2427 2420 Antisthenes

431 2456 509 2535 c)
555 2446 1003 2536 ἄνθ-ρωπος
1045 2450 1382 2543 ψευδής,
1431 2456 1642 2522 10256
1684 2457 1952 2535 1-13,
1996 2460 2049 2521 is
2097 2455 2353 2537 dicitur,
2400 2459 2508 2544 qui

295 2556 381 2622 ad
427 2557 854 2622 mentiendum
900 2569 1232 2645 promptus
1279 2567 1375 2622 est
1422 2568 1487 2624 et
1540 2563 1794 2624 mentiri
1838 2559 2053 2625 studet
2095 2562 2293 2646 ipsius
2335 2582 2508 2625 men-

296 2661 466 2725 dacii
513 2659 738 2726 ductus
786 2661 1147 2748 cupiditate,
1194 2661 1271 2725 cf.
1306 2662 1450 2724 Eth.
1482 2663 1564 2726 N.
1596 2663 1693 2726 IV
1741 2663 1843 2728 13.
1893 2665 2096 2729 112715
2135 2665 2239 2729 16.
2312 2664 2408 2728 Ita
2454 2666 2507 2727 si

296 2756 732 2829 definierimus
776 2764 1095 2831 mendacis
1140 2764 1415 2828 hominis
1466 2775 1785 2846 naturam,
1838 2786 2001 2852 quae
2055 2769 2207 2832 insit
2256 2766 2507 2831 fallacia

294 2867 783 2956 argumentandi
832 2872 893 2932 in
941 2868 1228 2933 Platonis
1273 2870 1512 2954 Hippia
1556 2872 1801 2933 minore
1847 2879 2132 2955 apparet.
2197 2869 2296 2935 Ibi
2340 2873 2506 2934 enim

183 2991 191 3000 ‘
294 2973 483 3038 Plato
528 2972 896 3037 mendacem
942 2994 1085 3039 eum
1132 2994 1273 3037 esse
1317 2971 1483 3050 vult,
1531 2976 1636 3057 qui
1680 2975 1916 3059 possit,
1958 2994 2093 3038 non
2140 2976 2248 3060 qui
2293 2976 2509 3060 cupiat

297 3078 569 3155 mentiri,
616 3098 691 3140 ac
734 3087 1064 3163 praeterea
1112 3099 1187 3142 ex
1224 3074 1383 3140 falsa
1422 3075 1796 3141 inductione
1835 3075 2098 3165 colligit,
2144 3080 2251 3162 qui
2299 3076 2506 3141 libens
2620 3109 2629 3121 ·

296 3179 462 3245 mala
487 3181 693 3260 faciat,
724 3202 866 3245 eum
900 3202 1038 3246 esse
1068 3180 1411 3258 meliorem,
1443 3200 1626 3265 quam
1658 3182 1764 3264 qui
1790 3183 2022 3244 invitus
2049 3179 2270 3243 eadem
2295 3179 2503 3244 faciat.

295 3323 388 3334 --
417 3286 498 3348 b9
545 3286 638 3349 ἔτι
672 3278 789 3349 τὸν
822 3280 1058 3350 ἑκόντα
1094 3282 1356 3371 φαῦλον
1391 3283 1626 3365 βελτίω
1659 3283 1866 3346 Sehw.
1898 3282 1977 3347 ab
2013 3284 2361 3368 interprete
2398 3282 2507 3346 ad·

299 3387 430 3452 dita
478 3408 618 3452 esse
664 3391 989 3472 opinatum
1044 3397 1107 3450 at
1150 3388 1307 3451 haec
1350 3386 1549 3451 verba
1593 3389 1644 3450 si
1693 3388 2008 3463 omiseriS,
2050 3407 2259 3471 neque
2306 3385 2505 3450 altera

299 3494 870 3579 argumentationis
899 3491 1269 3555 Platonicae
1300 3511 1444 3576 pars
1481 3491 1704 3576 (Hipp.
1736 3492 1883 3553 min.
1915 3513 1977 3575 p.
2007 3491 2191 3556 3730
2218 3493 2385 3575 sqq.)
2428 3492 2509 3554 si·-

298 3580 602 3682 gnificata
636 3605 748 3672 est,
783 3616 994 3680 neque
1027 3597 1309 3680 proxima
1345 3595 1546 3658 verba
1580 3593 1969 3658 Aristotelis:
2006 3596 2198 3659 τοῦτο
2237 3593 2306 3658 δὲ
2342 3595 2509 3684 ψεῦ-

301 3700 417 3775 δος
459 3694 783 3783 λαμβάνει
826 3699 959 3763 κτλ.
1006 3696 1249 3784 habent
1293 3719 1422 3783 quo
1467 3701 1722 3784 possint
1764 3697 2010 3763 referri.

312 3867 319 3877 ,
433 3803 537 3867 De
584 3805 851 3867 notione
894 3803 1015 3866 τοῦ
1057 3796 1344 3890 ψεύδους
1388 3801 1465 3864 cf.
1514 3811 1770 3887 praeter
1813 3801 1997 3866 locos
2041 3762 2231 3887 supra
2277 3799 2507 3867 allatos

273 3904 384 3970 'de
414 3909 671 3992 interpr.
705 3909 761 3971 1.
796 3907 915 3971 1611
943 3908 1049 3971 12.
1093 3904 1176 3969 de
1206 3926 1307 3969 an.
1340 3904 1430 3969 111
1460 3906 1521 3970 6.
1569 3905 1798 3969 Waitz
1823 3914 1888 3970 et
1911 3903 2149 3971 Trend.
2175 3903 2257 3969 ad
2280 3905 2384 3970 hh.
2409 3904 2474 3968 ll.

1026 4142 1036 4150 ·
1140 4096 1367 4169 CAP.
1431 4095 1669 4168 XXX.

438 4243 520 4320 a)
569 4242 777 4305 1025a
823 4242 1126 4305 14-30,
1220 4234 1780 4324 Συμβεβηκός
1838 4240 2105 4325 primum
2149 4237 2216 4302 id
2263 4236 2508 4315 dicitur,

306 4342 481 4430 quod
540 4366 729 4430 quum
788 4347 938 4410 insit
991 4348 1060 4411 in
1118 4343 1327 4431 aliqua
1381 4364 1454 4408 re
1511 4352 1609 4408 et·
1632 4364 1786 4408 vere
1845 4341 1928 4408 de
1984 4364 2059 4409 ea
2110 4340 2509 4429 praedicetur
