3043 4973
567 208 656 294 14

557 397 894 463 manifesto
949 399 1282 485 respicitur
1332 400 1419 463 H
1457 399 1520 464 3.
1570 400 1773 464 104Βό
1815 401 1926 478 16,
1986 418 2356 488 qmmquam
2415 402 2566 466 satis
2625 402 2765 466 uni-

557 523 742 566 verse
789 510 853 564 et
892 498 1263 567 indistincte
1320 501 1410 567 ibi
1454 505 1708 588 scripsit
1749 506 1819 568 ἐν
1863 497 2115 581 ἅλλοιςε
2174 504 2487 568 δέδεικται
2534 503 2604 569 δὲ
2647 504 2763 570 καὶ

556 599 917 684 δεδήλωται
970 608 1045 669 ἐν
1099 599 1326 682 ἄλλοις
1369 600 1473 672 ὅτι
1513 600 1593 671 τὸ
1639 601 1811 683 εἶδος
1853 603 2088 683 οὐθεὶς
2127 614 2302 672 ποιεῖ
2345 604 2495 673 οὐδὲ
2537 607 2760 692 γεννᾷ.

554 707 729 773 Idem
772 707 937 771 liber
980 707 1045 770 Z
1082 704 1178 771 his
1222 709 1433 775 verbis
1478 715 1549 775 έν
1594 717 1733 785 τοῖς
1787 712 1936 797 περὶ
1978 712 2100 789 τῆς
2140 707 2370 787 οὐσίας
2413 706 2635 795 λόγοις
2680 713 2763 776 si-

553 811 897 899 gnificatur
931 810 990 875 Θ
1017 811 1078 875 8.
1113 813 1316 877 10491»
1347 815 1461 878 27:
1509 808 1760 898 εἴρηται
1801 809 1863 876 δ’
1897 816 1970 877 έν
2008 820 2148 889 τοῖς
2189 816 2339 898 περὶ
2380 815 2500 893 τῆς
2530 811 2765 889 οὐσίας

553 909 774 998 λόγοις
812 907 921 979 ὅτι
962 908 1145 979 ἅπαν
1189 910 1266 980 τὸ
1310 910 1701 999 γιγνόμενον
1740 915 2035 998 γίγνεται
2078 918 2146 981 ἔκ
2190 914 2368 994 τινός
2397 941 2460 982 τι
2486 919 2601 983 καὶ
2628 912 2761 982 ὑπό

552 1039 745 1094 τινος,
788 1017 900 1082 καὶ
943 1018 1140 1083 τοῦτο
1185 1019 1280 1102 τῷ
1323 1016 1476 1084 εἴδει
1516 1011 1594 1082 τὸ
1640 1012 1821 1096 αὐτό,
1867 1018 1945 1083 cf.
1993 1020 2056 1082 Z
2098 1022 2134 1086 7
2153 1024 2312 1086 —-*9.

558 1190 561 1193 ,
684 1119 951 1187 Accedit
994 1120 1230 1185 deinde
1276 1120 1450 1207 quod
1496 1123 1757 1186 extremi
1803 1131 2075 1206 quatuor
2121 1144 2195 1188 ex
2239 1125 2355 1203 his,
2402 1144 2563 1211 quos
2607 1144 2762 1188 con-

555 1226 768 1289 tinuos
811 1246 950 1289 esse
985 1223 1266 1304 diximus,
1311 1225 1490 1289 libris
1521 1224 1791 1289 ΕΖΗΘ
1834 1227 1918 1289 ita
1963 1229 2128 1291 inter
2172 1249 2243 1292 se
2286 1238 2434 1293 sunt
2470 1230 2764 1306 connexi,

552 1337 625 1394 ut
670 1327 936 1393 alterum
980 1327 1286 1394 divellere
1332 1329 1412 1393 ab
1458 1327 1663 1393 altero
1710 1349 1902 1415 aegre
1946 1333 2276 1394 sustineas.
2352 1330 2551 1395 Libro
2588 1333 2760 1395 enim

554 1432 621 1495 Z
657 1453 737 1497 eo
784 1435 930 1518 ipso
973 1431 1126 1497 loco
1172 1435 1473 1518 incipitur
1517 1434 1838 1517 quaestiO,
1897 1432 1983 1497 ad
2023 1455 2210 1518 quem
2257 1446 2530 1501 extrema
2575 1444 2761 1520 parte
2835 1484 2840 1489 .

551 1536 699 1601 libri
730 1537 797 1600 E
834 1534 1106 1601 deducta
1154 1545 1278 1612 est;
1304 1538 1460 1623 ,ipsa
1503 1534 1614 1599 illa
1657 1533 1872 1612 verba,
1920 1536 2148 1620 quibus
2189 1537 2603 1624 multiplicem
2651 1559 2760 1603 en-

551 1643 631 1704 tis
676 1643 1041 1718 notionem,
1088 1640 1434 1724 πολλαχῶς
1475 1639 1731 1721 λέγεται
1771 1632 1849 1702 τὸ
1895 1630 2000 1715 ὅν,
2048 1650 2111 1703 et
2157 1648 2433 1704 extremo
2480 1639 2649 1704 libro
2696 1641 2770 1704 Ε

553 1755 618 1809 et
650 1747 716 1807 in
753 1743 1107 1830 primordio
1144 1741 1295 1810 libri
1326 1743 1389 1805 Z
1417 1740 1753 1828 significat,
1797 1742 1933 1804 sive
1979 1751 2251 1828 utroque
2295 1741 2447 1808 loco
2494 1744 2575 1809 ab
2609 1748 2756 1830 ipso

550 1847 895 1912 Aristotele
941 1851 1200 1934 scripta,
1256 1849 1391 1910 sive
1438 1843 1643 1909 altero
1695 1843 1876 1923 loco,
1934 1845 2000 1907 in
2045 1842 2175 1909 fine
2221 1844 2366 1910 libri
2413 1848 2503 1925 E,
2546 1846 2758 1911 aliena

548 1970 737 2015 manu
795 1949 1007 2017 addita
1063 1958 1385 2037 putemus,
1450 1949 1617 2012 hanc
1684 1946 1937 2033 quidem
1999 1946 2080 2011 ad
2138 1968 2271 2012 rem
2326 1949 2480 2013 nibil
2534 1950 2752 2015 refert.

547 2052 806 2118 Deinde
834 2051 1011 2118 liber
1052 2054 1144 2118 H
1190 2055 1459 2139 primum
1519 2072 1682 2137 quae
1739 2050 1907 2115 libro
1953 2052 2018 2115 Z
2058 2054 2336 2138 exposita
2388 2061 2533 2115 sunt
2576 2072 2748 2115 com—

545 2143 846 2242 plectitur
890 2165 956 2220 et
998 2177 1158 2242 quae
1202 2154 1353 2219 inde
1398 2164 1872 2239 consequantur
1910 2154 2203 2241 explicat:
2251 2160 2319 2219 ἐκ
2362 2147 2441 2234 δὴ
2482 2155 2611 2220 τῶν
2656 2157 2745 2220 εὶ-

547 2263 845 2343 ρημένων
891 2259 1425 2342 συλλογίσασθαι
1458 2258 1573 2334 δεῖ,
1616 2258 1728 2322 καὶ
1760 2253 2255 2342 συναγαγόντας
2282 2252 2359 2324 τὸ
2388 2253 2751 2348 κεφάλαιον

548 2363 732 2438 τέλος
788 2363 1137 2428 ἐπιθεῖναι.
1226 2362 1527 2446 Denique
1571 2359 1718 2425 libri
1771 2360 1828 2425 Θ
1870 2363 2054 2425 initio
2100 2382 2235 2426 non
2291 2360 2494 2425 solum
2554 2363 2746 2447 respi-

549 2466 798 2530 ciuntur
843 2486 948 2545 ea,
1004 2480 1167 2552 quae
1221 2465 1472 2531 duobus
1531 2463 1708 2528 libris
1760 2463 2196 2551 superioribus
2242 2462 2558 2551 disputata
2603 2474 2755 2531 sunt

550 2579 617 2633 et
649 2591 934 2634 excussa:
979 2571 1126 2656 περὶ
1169 2572 1288 2654 μὲν
1333 2559 1451 2635 οὖν
1492 2570 1614 2633 τοῦ
1658 2563 1926 2654 πρώτως
1970 2561 2161 2644 ὄντος
2194 2569 2305 2633 καὶ
2339 2562 2505 2655 πρὸς
2542 2561 2582 2633 ὃ
2620 2568 2756 2632 πᾶ·-

545 2691 661 2737 σαι
716 2676 793 2737 αἱ.
845 2667 1044 2737 ἄλλαι
1097 2673 1486 2757 κατηγορίαι
1550 2672 1673 2737 τοῦ
1729 2664 1921 2747 ὄντος
1974 2667 2428 2760 ἀναφέρονται
2484 2669 2752 2758 εἴρηται,

544 2777 693 2862 περὶ
733 2778 855 2855 τῆς
897 2773 1127 2851 οὐσίας
1168 2776 1331 2853 κτλ.,
1385 2774 1498 2839 sed
1548 2777 1735 2838 etiam
1780 2796 1952 2839 nova
1997 2776 2286 2860 quaestio
2333 2773 2416 2840 de
2459 2775 2752 2860 potentia

545 2887 612 2943 et
668 2888 812 2943 actu
869 2879 994 2943 hoc
1042 2881 1437 2965 potissimum
1482 2876 1633 2942 loco
1682 2889 1747 2944 et
1789 2888 1937 2965 apte
1981 2878 2243 2942 videtur⁴
2278 2887 2343 2942 et
2384 2880 2749 2942 necessario

542 2984 803 3061 institui,
850 2985 1145 3068 quoniam
1180 2993 1245 3048 et
1287 2981 1367 3048 ad
1403 2982 1531 3046 hoc
1565 2981 1901 3047 discrimen
1933 2980 2197 3046 deducti
2221 2985 2529 3047 sumusin
2560 3003 2751 3068 quae-

541 3084 743 3151 renda
786 3084 893 3150 vel
934 3108 1142 3150 rerum
1176 3083 1567 3150 sensibilium
1608 3084 1715 3150 vel
1754 3088 2089 3150 notionum
2119 3077 2361 3150 unitate
2407 3086 2527 3168 (H
2548 3088 2634 3163 6),
2683 3093 2751 3150 et

542 3190 669 3254 hoc
713 3201 1000 3276 quartum
1050 3192 1281 3254 entium
1328 3206 1534 3277 genus
1581 3188 1787 3254 adhuc
1829 3198 2124 3275 superest
2165 3187 2245 3252 ad
2288 3186 2749 3274 inquirendum,

545 3292 622 3357 cf.
672 3294 739 3357 E
773 3297 835 3359 2.
886 3331 967 3344 —-
1022 3294 1242 3380 Itaque
1288 3315 1474 3379 quum
1524 3302 1797 3379 quatuor
1840 3303 2156 3358 extremos
2200 3292 2400 3358 libros
2446 3312 2577 3356 uno
2624 3289 2752 3355 dis-

541 3395 810 3481 putandi
855 3406 1155 3462 contextu
1200 3399 1510 3461 contineri
1558 3406 1885 3484 appareat,
1939 3401 2122 3483 primi
2168 3407 2376 3462 autem
2421 3395 2552 3460 duo
2596 3394 2751 3459 libri

546 3498 683 3563 AB
739 3499 909 3563 hunc
965 3520 1145 3563 suum
1202 3498 1411 3563 locum
1471 3495 1579 3562 ve'l
1634 3511 1859 3586 suapte
1903 3513 2129 3565 natura
2172 3506 2495 3577 tueantur,
2553 3507 2620 3563 et
2673 3497 2752 3562 li-

544 3602 664 3666 bro
711 3601 780 3666 Γ
817 3604 1121 3665 continuo
1168 3606 1439 3689 scriptor
1482 3601 1564 3666 ad
1616 3601 1959 3668 solvendas
2019 3625 2125 3667 eas
2185 3606 2592 3690 quaestiones
2647 3623 2750 3664 ac-

544 3705 746 3784 cedat,
792 3725 946 3790 quas
989 3702 1159 3770 libro
1189 3704 1257 3769 B
1298 3708 1654 3791 proposuit,
1703 3727 1969 3793 eumque
2015 3706 2241 3773 librum
2289 3715 2506 3793 aperte
2550 3706 2750 3791 respi-

543 3812 690 3873 ciat:
750 3827 878 3873 una
933 3829 1190 3873 manere
1248 3819 1466 3894 potest
1524 3807 1870 3887 dubitatio,
1932 3832 2081 3875 num
2134 3809 2298 3874 liber
2341 3811 2432 3888 E,
2490 3811 2556 3872 in
2613 3829 2745 3894 quo

540 3914 721 3998 quasi
778 3912 858 3976 de
915 3914 1169 4001 integro
1229 3911 1716 3997 disputationem
1771 3913 2027 3978 videtur
2093 3913 2320 3991 ordiri,
2380 3909 2747 3977 Aristotelis

542 4037 621 4079 ex
665 4014 937 4080 consilio
984 4018 1189 4103 ipsum
1232 4015 1459 4080 librum
1506 4016 1575 4079 Γ
1611 4018 1919 4082 continuo
1968 4018 2303 4103 exceperit,
2347 4038 2430 4081 an
2472 4014 2581 4080 vel
2620 4013 2748 4079 alia
2854 4004 2858 4007 ’

536 4121 915 4207 interposita
976 4140 1116 4184 esse
1173 4119 1280 4183 vel
1325 4122 1588 4184 omnino
1634 4121 1885 4207 seiungi
1928 4121 2139 4207 aliquo
2186 4119 2382 4185 modo
2427 4122 2750 4206 posterio-

537 4244 670 4288 rem
712 4223 1298 4310 Metaphysicorum
1343 4233 1584 4307 partem
1618 4222 1772 4285 Ε-
1799 4224 1856 4288 Θ
1899 4246 1933 4288 a
1981 4228 2196 4310 priore
2240 4222 2537 4288 voluerit.
2613 4221 2750 4287 Sed

429 4328 434 4332 ’
540 4325 698 4391 haec
745 4330 929 4392 etiam
977 4326 1290 4393 dubitatio
1335 4325 1479 4391 tolli
1523 4325 1844 4393 videbitur
1890 4339 2256 4415 comparato
2302 4327 2470 4393 libro
2516 4326 2605 4391 K.
