3043 4973
489 274 540 349 6

488 445 573 516 τὰ
629 450 873 538 αντριιὶἲταἱ
898 451 1015 516 καὶ
1054 444 1433 516 τελειότατα
1476 444 1769 535 μάλιστα
1812 444 1897 515 τοὶ
1947 443 2113 515 ὄντα
2157 447 2352 527 θεῖα,
2409 448 2559 535 περὶ
2601 438 2693 513 ὧν

489 555 796 621 ἐνταῦθα
836 556 1100 639 θεωρεῖ.

621 659 799 723 Haec
855 661 909 723 si
952 676 1113 729 vere¹
1160 655 1476 744 disputata
1524 667 1673 723 sunt
1715 655 1796 722 de
1840 658 2258 743 inscriptione
2300 655 2699 743 Metaphysi-

491 782 738 840 corum,
781 766 1003 827 mirum
1049 782 1184 826 non
1232 771 1354 838 est,
1399 759 1572 846 quod
1618 762 1684 825 in
1728 760 1938 825 indice
1983 760 2295 826 librorum
2336 758 2702 827 Aristoteli-

490 885 708 931 corum
765 887 805 929 a
858 866 1162 953 Diogene
1202 865 1463 931 Laertio
1509 865 1592 941 V,
1643 865 1729 929 22
1774 885 1913 949 sqq.
1971 862 2205 931 tradito
2250 863 2702 950 Metaphysica

488 990 624 1035 non
672 977 1272 1046 commemorantur,
1323 963 1538 1052 neque
1581 967 1646 1033 id
1694 966 1777 1032 ad
1822 965 2304 1032 deminuendam
2351 967 2578 1032 horum
2621 966 2706 1030 li-

486 1072 747 1138 brorum
790 1071 983 1136 fidem
1028 1070 1367 1158 quidquam
1412 1070 1682 1149 valeret,
1744 1073 1987 1135 etiamsi
2047 1075 2247 1136 maior
2295 1079 2467 1135 esset
2508 1070 2706 1135 huius

489 1177 818 1261 scriptoris
863 1179 1237 1250 auctoritas;
1298 1177 1528 1239 etenim
1573 1166 1910 1261 Diogenes
1962 1197 2153 1260 quum
2198 1172 2472 1239 indicem
2513 1196 2706 1257 suum

489 1300 566 1343 ex
623 1277 763 1342 aliis
817 1277 1132 1345 indicibus
1188 1279 1340 1342 satis
1397 1276 1809 1366 negligenter
1865 1277 2322 1357 conscriberet,
2377 1275 2522 1343 fieri
2578 1298 2705 1362 po-

489 1383 610 1449 tuit
653 1390 724 1446 ut
767 1401 884 1446 eos
916 1381 1286 1460 adhiberet,
1342 1384 1450 1467 qui
1494 1381 1773 1447 confecti
1818 1391 2060 1459 essent,
2115 1391 2448 1467 antequam
2493 1381 2703 1446 Meta-

487 1483 904 1570 physicorum
950 1505 1185 1550 nomen
1231 1507 1349 1550 usu
1395 1484 1783 1549 invaluisset.
1871 1482 2030 1548 Inde
2076 1506 2216 1549 cum
2261 1505 2492 1573 magna
2532 1487 2706 1549 veri·

488 1590 634 1651 tatis
679 1591 895 1674 specie
939 1590 1249 1673 suspicari
1286 1590 1595 1674 quispiam
1625 1587 1932 1664 videatur,
1975 1586 2177 1655 libros
2208 1588 2701 1673 metaphysicoffl

486 1693 545 1755 si
587 1690 842 1777 quidem
887 1692 1152 1778 genuini
1195 1701 1345 1755 sunt
1374 1690 1754 1769 AristoteIiS,
1797 1689 1902 1754 vel
1940 1690 2229 1779 singulos
2273 1690 2377 1755 vel
2408 1689 2704 1776 quolibet

485 1794 683 1859 modo
727 1798 895 1860 inter
938 1814 1008 1857 se
1053 1796 1451 1871 coniunctos,
1496 1793 1698 1859 latere
1743 1793 1861 1859 sub
1907 1791 2045 1859 aliis
2089 1793 2291 1860 titulis
2335 1792 2505 1880 apud
2535 1794 2702 1858 Dio-

485 1918 714 1985 genem
759 1901 1043 1963 servatis.
1133 1897 1268 1962 Sed
1314 1919 1390 1962 ea
1434 1899 1805 1963 coniectura
1835 1895 1986 1962 licet
2016 1899 2309 1983 speciosa
2340 1899 2439 1976 sit,
2482 1919 2704 1983 neque

486 1999 567 2064 ab
611 2002 689 2065 iis
735 2004 902 2079 viriS‚
948 2003 1055 2086 qui
1102 2021 1237 2064 eam
1262 2000 1709 2087 protulerunt,
1754 2003 1905 2066 satis
1938 2001 2209 2066 feliciter
2240 2009 2339 2066 est
2367 1999 2701 2091 «inplicata,

483 2124 695 2189 neque
741 2108 1005 2169 omnino
1048 2102 1313 2168 multum
1359 2125 1435 2168 ea
1479 2103 1735 2170 videtur
1763 2104 1997 2191 profici
2024 2125 2234 2191 posse.
2302 2093 2591 2190 Namque
2619 2103 2704 2168 li-

482 2205 638 2271 bros
681 2209 832 2292 περὶ
876 2208 1313 2295 φιλοσοφίας,
1367 2208 1516 2292 περὶ
1560 2204 1906 2290 τάγαθοῦ,
1947 2209 2101 2294 περὶ
2141 2209 2263 2287 τῆς
2303 2209 2501 2287 ἰδέας,
2542 2210 2701 2296 περὶ

484 2311 819 2390 ἐναντίων,
864 2331 1025 2396 quos
1055 2312 1315 2389 Petitus,
1357 2310 1584 2390 Buhle‚
1632 2313 1835 2389 Titze,
1878 2310 2041 2379 alius
2084 2311 2222 2377 aliis
2254 2311 2526 2381 inlibris
2555 2313 2701 2381 Mes
2813 2332 2820 2338 ’

373 2416 389 2435 “
483 2413 961 2500 tapbysicorum
1021 2434 1373 2503 agnoscere
1425 2414 1551 2479 sibi
1594 2414 2004 2496 videbantur,
2062 2416 2371 2483 discretos
2415 2415 2610 2481 fuisse
2654 2437 2696 2480 a

482 2517 975 2605 MetaphysiciS,
1027 2517 1399 2584 Brandisius
1455 2522 1817 2585 certissimis
1864 2519 2321 2586 demonstravit
2367 2541 2695 2609 argumen-

481 2624 564 2686 tis
607 2625 675 2686 in
720 2622 1014 2688 Diatribe
1060 2622 1143 2688 de
1186 2621 1453 2709 perditis
1499 2622 1860 2690 Aristotelis
1917 2622 2099 2688 libris
2156 2624 2240 2688 de
2297 2622 2458 2690 ideis
2502 2633 2564 2688 et
2606 2621 2694 2688 de

480 2725 661 2790 bono
708 2729 843 2791 sive
888 2726 1315 2812 philosophia,
1360 2747 1415 2790 a.
1451 2727 1624 2791 1823
1672 2725 1861 2791 edita.
1930 2727 2114 2792 Aliae
2159 2749 2314 2814 quas
2357 2728 2698 2816 Diogenes

479 2828 768 2914 prodidit
808 2832 1286 2915 inscriptioneS,
1344 2828 1545 2894 veluti
1589 2832 1738 2916 περὶ
1773 2832 2185 2921 ἐπιστημῶν,
2227 2828 2386 2918 ὑπὲρ
2431 2825 2702 2911 ἐπιστή-

480 2956 630 3015 μης,
668 2934 818 3016 περὶ
863 2929 1086 3016 ἀρχῆς,
1129 2933 1280 3019 περὶ
1323 2934 1527 3013 εἰδῶν,
1570 2933 1720 3020 περὶ
1752 2934 1977 3015 γενῶν,
2022 2946 2146 3002 tam
2181 2933 2313 2998 late
2341 2943 2577 3020 patent,
2623 2943 2702 3000 ut

481 3044 720 3100 temere
765 3035 1067 3101 hariolari
1125 3036 1445 3118 videatur,
1503 3038 1607 3122 qui
1663 3056 1806 3114 eoS,
1864 3036 2039 3122 quod
2083 3040 2330 3105 Petitus
2376 3046 2443 3103 et
2484 3035 2698 3102 Buhle

480 3138 790 3219 fecerunt,
838 3138 918 3205 ad
966 3149 1199 3210 certos„
1223 3140 1530 3226 quosdam
1560 3139 2150 3225 Metaphysicorum
2187 3140 2385 3206 libros
2417 3142 2701 3212 referen-

482 3242 602 3308 dos
651 3243 1073 3309 contenderit.
1165 3244 1313 3310 Una
1371 3245 1706 3329 inscriptio
1763 3244 1914 3328 περὶ
1968 3247 2101 3310 τῶν
2156 3246 2466 3330 ποσαχῶς
2507 3246 2699 3328 λεγο-

478 3349 694 3428 μένων
740 3347 979 3434 (Diog.
1025 3348 1236 3414 Laert.
1269 3349 1348 3426 V,
1393 3350 1482 3413 23
1529 3357 1593 3412 et
1628 3347 1953 3433 Anonym.
1989 3348 2293 3436 Menag.)
2335 3348 2420 3412 ad
2463 3348 2696 3413 librum

476 3450 531 3513 A
606 3450 1199 3542 Metaphysicorum
1266 3449 1373 3515 vel
1438 3461 1617 3515 certo
1685 3450 1794 3515 vel
1864 3450 2204 3517 admodum
2276 3452 2699 3539 probabiliter

478 3563 697 3638 potest
739 3553 991 3631 referri,
1043 3563 1393 3640 propterea
1438 3554 1617 3640 quod
1661 3553 1831 3641 apud
1876 3557 2084 3640 ipsum
2132 3556 2537 3621 Aristotelem
2583 3554 2697 3620 ali-

477 3658 731 3741 quoties
785 3655 957 3721 hunc
1010 3655 1241 3724 librum
1311 3658 1539 3723 eodem
1606 3661 1866 3723 nomine
1933 3658 2358 3745 significatum
2423 3658 2693 3747 legimus

478 3759 545 3822 E
582 3761 644 3824 4.
697 3761 905 3825 1028a
938 3762 1000 3825 4.
1060 3762 1124 3826 Ζ
1161 3764 1220 3826 1.
1272 3763 1482 3827 102811
1531 3764 1630 3825 ll.
1696 3762 1747 3826 I
1785 3764 1846 3826 1.
1895 3764 2102 3827 10524
2148 3763 2250 3826 15.
2300 3763 2378 3828 cf.
2423 3763 2695 3828 Brendi-

477 3865 556 3926 sii
603 3862 873 3928 diatribe
915 3887 978 3950 p.
1025 3866 1086 3928 2.
1134 3867 1197 3930 3.
1287 3863 1419 3929 Sed
1477 3868 1739 3930 omnino
1795 3864 2016 3930 titulos
2062 3887 2099 3928 a
2143 3867 2445 3955 Diogene
2503 3866 2694 3931 tradi-

478 3975 582 4029 tos
643 3968 701 4030 si
755 3966 863 4031 vel
920 3966 1408 4054 diligentissime
1465 3968 1759 4034 conferre
1815 3973 2275 4055 susceperimus
2337 3994 2477 4036 cum
2535 3973 2692 4056 ipsis

476 4067 660 4133 libris
719 4071 1198 4156 metaphysiciS,
1268 4070 1423 4135 nihil
1487 4094 1882 4159 magnopere
1940 4072 2350 4159 proficiemus
2408 4074 2488 4138 ad
2547 4073 2692 4138 diri-

476 4170 740 4236 mendas
805 4195 912 4238 eas
972 4176 1407 4260 quaestioneS,
1475 4179 1545 4240 in
1603 4176 1831 4261 quibus
1890 4180 2343 4262 quummaxime
2403 4187 2500 4242 est
2552 4199 2691 4241 ver-

477 4275 760 4355 sandum,
809 4286 1016 4340 utrum
1062 4281 1323 4365 genuini
1369 4282 1498 4352 sint
1541 4277 1687 4344 libri
1732 4281 2146 4368 metaphysici
2193 4303 2414 4346 omncs
2468 4303 2692 4359 necne,

470 4400 619 4444 num
668 4401 786 4445 suo
836 4382 964 4445 sint
1014 4380 1240 4447 ordine
1288 4380 1579 4469 dispositi
1625 4394 1690 4448 et
1736 4406 1930 4449 unum
1976 4383 2462 4471 absolutumque
2509 4384 2691 4450 disci-
