3043 4973
498 237 645 316 108
1338 241 1423 310 A*
1458 238 1538 310 9.
1611 233 1759 310 990
1776 235 1844 308 b,

492 436 707 480 rerum
730 450 811 476 —.-
840 421 1173 501 ponuntur
1200 411 1385 477 ideae
1414 414 1831 501 cognomines
1864 433 2108 499 eaeque
2131 414 2526 478 seiunctam-a
2557 409 2708 475 sub*

493 520 738 583 stuntiis
782 539 1010 596 rurum,
1038 525 1122 581 et
1165 519 1233 580 in
1278 516 1420 584 aliis
1464 538 1721 603 quoque
1763 540 1958 582 unum
2005 514 2325 601 est-quod
2371 515 2454 580 de
2489 514 2706 582 multis

491 621 893 707 praedicetur
937 626 1045 702 (et
1086 623 1376 685 nimirum
1420 631 1544 707 pr'o
1590 620 1736 688 idea
1777 620 2493 708 singulorumponatur
2505 624 2568 699 >,·
2591 641 2706 704 pa·

489 728 646 789 riter
699 728 765 789 in
823 725 1016 790 rebus
1072 725 1480 790 sensibilibus
1539 725 2004 790 intereuntibus
2060 733 2251 809 atque
2292 726 2360 786 in
2406 724 2710 788 aeterni&

491 828 589 893 An:
631 831 838 914 possit
882 832 1189 916 quispiam
1234 832 1508 894 animum
1553 828 1858 893 inducere
1903 825 1983 891 ad
2021 827 2207 892 huius
2246 826 2375 891 loci
2416 847 2702 891 normam

493 931 841 996 emendare·
872 954 1030 1011 eum,
1074 932 1155 997 de
1196 954 1324 1017 quo
1362 954 1542 998 nunc
1577 936 1839 1020 agimus,
1880 941 1953 995 ut
1988 930 2316 996 relativum
2356 920 2466 1007 ὧν,
2510 947 2703 1014 quum

490 1039 861 1122 praesertim
917 1038 985 1100 in
1045 1036 1373 1102 codicibus
1429 1058 1638 1123 prope
1692 1035 1987 1100 omnibus
2034 1034 2226 1114 desit,
2284 1033 2712 1100 omittendum-

491 1150 767 1206 censeat.
837 1139 969 1205 Sed
999 1139 1368 1228 diligentius
1400 1140 1831 1206 attendentem
1865 1160 1998 1204 non
2030 1148 2249 1226 potest
2275 1139 2518 1227 fugere,
2548 1137 2719 1224 quid.

491 1254 744 1309 maneat
796 1247 864 1309 iu
920 1243 1032 1308 illa
1084 1247 1609 1329 interpretatione
1657 1241 2068 1308 difficultatis
2156 1245 2420 1309 Etenim
2456 1244 2589 1308 τῶν
2634 1253 2714 1306 rt*

492 1345 723 1428 ἄλλωνπ
756 1350 1125 1434 oppositum
1167 1357 1265 1412 est
1307 1348 1519 1412 verbis
1564 1344 1734 1412 καθ’
1775 1351 2077 1414 &acam-ov:
2138 1370 2212 1414 ex
2267 1348 2386 1420 hac
2441 1348 2704 1432 opposi-

493 1453 908 1536 tioneiquum
954 1451 1187 1517 debeat
1228 1454 1592 1530 necessario
1643 1450 1969 1536 explicari,
2029 1473 2189 1535 quae
2241 1450 2413 1532 disat
2458 1453 2706 1518 Aristo*-

490 1554 649 1622 teles
695 1550 778 1619 τὰ
825 1548 1015 1635 ἄλλα,
1058 1567 1264 1622 tamen
1311 1555 1471 1622 nihil
1509 1576 1773 1640 prorsus
1810 1554 1960 1618 inde
1995 1564 2213 1638 potest
2247 1558 2483 1640 repeti3
2529 1576 2716 1624 nam-,

491 1679 614 1743 que
658 1656 825 1738 καθ’
858 1664 1142 1726 ἕκαστον
1188 1660 1267 1724 ad
1324 1658 1642 1746 quaslibet
1698 1668 1914 1743 potest
1969 1679 2073 1722 res
2129 1657 2388 1737 referri,
2440 1668 2512 1724 ut
2565 1680 2700 1726 non

489 1761 928 1848 relinquantur
972 1786 1134 1848 quae
1179 1775 1435 1849 praeter
1480 1785 1587 1828 eas
1635 1762 1926 1828 dicantur
1969 1755 2052 1827 τὰ
2099 1755 2300 1840 ἄλλα,
2357 1783 2481 1826 nec
2526 1760 2702 1847 quod

488 1865 587 1936 his
634 1865 774 1931 aliis
817 1866 1009 1931 rebus
1054 1867 1349 1931 tribuitur
1394 1871 1462 1933 ἓν
1505 1871 1683 1931 ἐστιν
1722 1868 1829 1930 ἐπὶ
1863 1867 2124 1931 πολλῶν
2160 1864 2501 1951 quidquam
2547 1887 2703 1930 con-

490 1968 618 2032 fert
673 1969 756 2036 ad
817 1991 922 2033 eas
977 1970 1458 2058 distinguendas
1506 1993 1542 2034 a
1588 1968 2038 2056 superioribus.
2129 1968 2347 2054 Quare
2393 1992 2476 2035 ne
2518 1992 2704 2057 pror-

490 2093 599 2138 sus
645 2075 833 2137 inane
878 2077 962 2139 sit
996 2075 1123 2140 hoc
1156 2073 1558 2153 vocabulum,
1597 2072 2116 2160 coniungendam
2155 2076 2274 2137 erit
2309 2096 2452 2144 cum
2485 2073 2700 2138 verbis
2795 2135 2802 2142 ,

490 2176 925 2259 superioribus
969 2180 1082 2243 καὶ
1126 2172 1311 2262 παρὰ
1357 2171 1476 2253 τὰς
1515 2175 1744 2254 οὐσίας
1792 2175 2102 2241 «aliorum
2140 2199 2306 2262 quae
2342 2187 2488 2244 sunt
2521 2198 2702 2262 prae·

491 2289 590 2342 ter
627 2279 1100 2359 substantiam»
1160 2281 1220 2345 h.
1258 2303 1312 2346 e.
1354 2280 1741 2367 qualitatum,
1787 2281 2216 2359 affectionum,
2260 2281 2699 2352 accidentium,

489 2384 649 2466 Eam
693 2394 900 2450 autem
946 2388 999 2449 si
1042 2384 1524 2471 probaverimus
1570 2384 1914 2449 verborum
1960 2388 2516 2463 constructionem,
2558 2407 2702 2471 par-

490 2486 681 2555 ticula
737 2511 805 2553 τε
863 2499 1012 2554 ante
1072 2481 1289 2555 ἄλλων
1346 2511 1475 2574 quo
1521 2493 1726 2576 possit
1768 2489 1993 2553 referri
2039 2489 2328 2574 equidem
2374 2511 2508 2553 nou
2553 2511 2703 2575 pos-

490 2614 626 2658 sum
675 2592 988 2668 divinare;
1047 2603 1388 2679 propterea
1441 2615 1812 2678 quamquam
1862 2604 1926 2657 et
1971 2593 2257 2657 codicum
2306 2603 2558 2678 praeter
2599 2593 2701 2659 Ab

492 2700 771 2773 omnium
831 2708 896 2761 et
938 2696 1281 2761 Alexandri
1343 2708 1511 2763 certa
1570 2699 1949 2762 auctoritate
2007 2696 2253 2761 firmata
2307 2707 2432 2776 est,
2490 2707 2703 2762 tamen

491 2821 684 2864 unum
740 2798 918 2881 illum
976 2800 1204 2865 librum
1261 2801 1351 2865 Ab
1405 2812 1659 2865 secutus
1724 2799 2137 2865 omittendam
2197 2822 2330 2865 eam
2390 2804 2701 2887 suspicor.

489 2903 618 2967 Iam
675 2924 832 2968 vero
893 2903 1222 2971 relativum
1280 2895 1370 2971 ὧν
1427 2914 1580 2990 post
1629 2898 1851 2969 ἄλλων
1896 2907 2197 2969 omittunt
2238 2903 2399 2968 illud
2445 2905 2701 2990 quidem

489 3009 557 3071 in
601 3005 768 3070 libro
819 3006 903 3071 M
944 3028 1182 3086 omneS,
1227 3012 1295 3073 in
1338 3008 1504 3073 libro
1540 3006 1608 3070 A
1655 3029 1859 3092 prope
1906 3029 2126 3072 omnes
2171 3007 2314 3073 libri
2359 3011 2705 3073 manuscri-

488 3113 613 3196 pti,
661 3121 933 3191 attamen
982 3111 1324 3179 Alexandri
1369 3113 1746 3193 anctoritate
1790 3114 1944 3175 satis
1991 3123 2088 3176 est
2128 3112 2466 3191 firmatum,
2514 3134 2700 3197 quem

489 3214 595 3280 vel
642 3209 689 3278 ἅ
733 3239 794 3300 p.
828 3218 932 3295 57,
963 3217 1049 3280 33
1095 3216 1200 3281 vel
1246 3208 1336 3281 ὧν
1381 3239 1445 3301 p.
1476 3215 1581 3292 58,
1611 3214 1654 3277 8
1698 3216 1766 3277 in
1812 3225 1987 3280 textu
2031 3216 2263 3303 legisse
2309 3214 2553 3299 liquido
2587 3237 2701 3302 ap-

489 3330 671 3404 paret
714 3323 985 3398 (etenim
1033 3319 1207 3405 quod
1251 3318 1595 3406 legiturp.
1632 3320 1732 3396 70,
1769 3321 1854 3383 18
1897 3319 2301 3406 corruptelae
2340 3328 2699 3403 suspectum

493 3426 653 3501 est).
718 3423 947 3487 Utrum
995 3422 1370 3508 praetuleris
1414 3424 1870 3487 nominativum
1912 3445 1994 3487 an
2030 3425 2397 3510 genitivum,
2440 3421 2521 3485 ad
2558 3443 2701 3485 sen-

490 3530 747 3593 tentiam
818 3547 955 3593 non
1012 3525 1273 3593 multum
1341 3511 1519 3603 facit3
1589 3530 1982 3595 nominativo
2055 3529 2219 3593 enim
2288 3525 2699 3612 significatur,

491 3649 704 3695 earum
751 3633 1087 3706 unitatum,
1132 3632 1173 3693 i.
1207 3650 1261 3692 e.
1307 3651 1643 3715 generum,
1686 3634 1843 3715 poni
1887 3629 2094 3708 ideas,
2145 3651 2306 3715 quae
2352 3627 2700 3695 multitudi-

489 3755 636 3797 nem
681 3755 886 3801 rerum
933 3731 1323 3821 singularum
1370 3732 1900 3819 complectantur3
1959 3737 2247 3825 genitivo
2299 3743 2538 3810 autem,
2596 3754 2701 3809 ea-

489 3859 627 3903 rum
670 3859 879 3905 rerum
923 3840 1081 3921 poni
1126 3836 1331 3914 ideaS,
1388 3857 1649 3921 quarum
1709 3837 2046 3902 multitudo
2099 3837 2216 3902 sub
2264 3836 2542 3913 eiusdem
2587 3858 2706 3923 ge-

490 3944 660 4005 neris
720 3939 905 4005 cadat
962 3945 1293 4019 unitatem3
1352 3941 1479 4004 hoc
1525 3952 1763 4019 autem,
1822 3962 2009 4026 quum
2066 3944 2359 4007 nimirum
2416 3942 2697 4007 omnium

486 4066 733 4123 rerum,
763 4065 924 4129 quae
968 4047 1037 4108 in
1084 4044 1356 4110 eodem
1404 4054 1553 4109 sunt
1596 4065 1855 4131 genere,
1900 4066 2025 4109 una
2071 4049 2154 4110 sit
2194 4045 2356 4124 idea,
2399 4044 2483 4109 ad
2526 4044 2708 4123 idem,

490 4148 658 4212 redit
700 4156 892 4232 atque
937 4147 1114 4213 illud.
1193 4147 1561 4225 Genitivum
1607 4159 1812 4215 autem
1857 4150 2153 4232 scriptum
2201 4149 2395 4213 fuisse
2440 4149 2519 4212 ab
2561 4149 2702 4214 Ari-

489 4251 721 4319 stotele
766 4254 886 4316 iam
932 4261 1274 4336 propterea
1322 4271 1475 4314 vero
1523 4264 1623 4329 est
1666 4248 1947 4327 similiuS,
1993 4252 2166 4336 quod
2211 4256 2297 4316 ita
2343 4257 2411 4317 in
2448 4254 2696 4318 iteratis

489 4354 708 4423 iisdem
754 4354 953 4420 literis
999 4353 1248 4420 facilior
1294 4365 1557 4441 apparet
1602 4352 2001 4440 corruptelae
2056 4359 2356 4439 occasio.-
2383 4394 2462 4409 --
2521 4358 2700 4423 Haeo
