3043 4973
1154 228 1232 299 A
1278 225 1347 299 3.
1421 223 1571 299 984
1584 249 1653 298 a.
2408 226 2510 299 69

295 400 563 467 καλοῖεν
620 394 702 466 τό
756 422 825 467 τε
882 400 1200 483 γίνεσθαι
1255 400 1757 487 συμμίσγεσθαι
1799 402 1913 467 καὶ
1957 394 2033 467 td
2076 395 2508 469 ἀπόλλυσθαι

295 503 783 588 διακρίνεσθαι.

421 607 597 672 984«
627 608 710 671 16
749 611 835 672 ὲκ
869 608 1015 692 μὲν
1054 595 1197 673 οὖν
1233 602 1550 673 τούτων
1586 607 1787 673 -,ὂ8
1827 602 2337 673 τούναντίον.
2407 607 2507 672 In-

291 721 487 775 venta
531 709 844 774 materiali
889 732 1076 776 causa
1119 707 1492 797 philosophi
1534 713 1673 796 ipsa
1717 712 1812 775 rei
1853 718 2076 774 natura
2122 730 2195 776 ac
2237 714 2505 776 veritate

294 811 505 877 adacti
550 813 674 893 (cf.
720 815 914 899 Phys.
961 814 989 877 1
1033 815 1096 879 5.
1144 814 1302 878 188⁶
1340 815 1454 877 292
1512 810 1727 899 ὥσπερ
1783 809 1893 879 ὑπ’
1935 809 2140 892 αὐτῆς
2181 816 2299 895 τῆς
2342 813 2506 895 ἄλη·

291 918 495 994 θείας
531 914 1072 1001 ἀναγκασθέντες
1085 920 1128 996 ),
1166 919 1464 1003 quoniam
1500 920 1760 983 materia
1792 938 1927 981 non
1962 926 2181 1004 potest
2213 917 2334 983 sibi
2365 921 2505 1004 ipsa

291 1020 596 1085 movendi
640 1042 779 1087 esse
817 1041 1006 1086 causa
1051 1019 1174 1101 (cf.
1216 1018 1296 1085 de
1331 1042 1480 1108 geu.
1523 1034 1587 1087 et
1621 1042 1787 1086 corr.
1810 1021 1870 1085 11
1909 1022 1969 1084 9.
2008 1021 2170 1086 3351·
2193 1023 2281 1085 29
2308 1043 2444 1108 sqq.
2459 1027 2505 1102 ),

293 1121 371 1188 ad
402 1123 774 1191 addendum
802 1122 1067 1188 alterum
1098 1144 1326 1189 causae
1355 1145 1561 1212 genus
1591 1126 1918 1214 progressi
1947 1135 2094 1189 sunt
2120 1122 2297 1202 illud,
2329 1124 2505 1212 quod

291 1227 714 1294 Aristotelico
761 1226 1084 1292 vocabulo
1132 1226 1492 1314 appellatur
1534 1222 1707 1295 ὅθεν
1743 1226 1783 1307 ἡ
1820 1219 1988 1313 ἀρχὴ
2026 1229 2142 1306 τῆς
2176 1222 2505 1308 κινήσεως.

291 1331 507 1418 Atque
545 1333 593 1395 ii
632 1330 905 1417 quidem,
943 1334 1050 1417 qui
1085 1333 1269 1417 primi
1309 1329 1389 1397 ad
1426 1332 1593 1397 hanc
1629 1334 2067 1418 quaestionem
2107 1341 2511 1396 accesserunt

288 1429 676 1523 (ἁψάμενοι
719 1435 838 1514 τῆς
879 1428 1261 1518 μεθόδου
1303 1435 1422 1513 τῆς
1464 1431 1786 1513 τοιαύτης,
1833 1434 1911 1500 cf.
1948 1433 2030 1500 ad
2066 1437 2128 1499 2.
2169 1435 2337 1499 983⁶
2357 1435 2505 1516 22),

289 1536 467 1623 quod
527 1540 597 1601 iu
656 1559 782 1603 una
840 1535 1146 1605 materiali
1195 1559 1384 1602 causa
1429 1536 1768 1603 statuenda
1815 1540 2293 1623 acquieverant,
2350 1534 2509 1600 nihil

289 1641 411 1705 sibi
458 1642 589 1726 ipsi
637 1640 1098 1729 displicuerunt
1139 1636 1372 1721 (οὐδὲν
1417 1642 1859 1726 ἐδυσχέραναν
1902 1645 2178 1717 ἑαυτοῖς,
2222 1637 2300 1704 cf.
2336 1640 2422 1704 M
2449 1642 2504 1705 l.

291 1746 506 1810 1076a
535 1746 650 1809 15:
693 1738 785 1830 μὴ
820 1741 988 1811 καθ’
1020 1742 1207 1829 ἡμῶν
1243 1745 1782 1829 δυσχεραίνωμεν,
1819 1765 1942 1808 nec
1978 1754 2190 1808 tamen
2227 1764 2505 1823 renuam,

290 1850 346 1912 si
392 1850 538 1934 quis
580 1848 959 1934 praetulerit
1001 1870 1037 1913 e
1077 1850 1533 1913 commentario
1565 1846 1927 1925 Alexandri,
1973 1845 2316 1913 accedente
2352 1867 2509 1933 quo-

292 1950 640 2016 dammodo
687 1949 832 2017 libri
874 1952 964 2017 Ab
1000 1954 1409 2031 auctoritate,
1462 1949 1744 2018 scribere
1791 1953 2232 2038 ἐδυσχέραναν
2274 1954 2345 2014 ἐν
2389 1946 2509 2015 αὐ-

290 2064 431 2130 τοῖς
491 2055 554 2118 h.
604 2076 658 2120 e.
716 2060 788 2121 έν
845 2057 936 2140 τῷ
993 2057 1227 2119 θεῖναι
1279 2050 1490 2138 μόνον
1534 2051 1657 2133 τὴν
1700 2059 1771 2122 ὲν
1814 2051 1976 2134 ὕλης
2020 2054 2172 2121 εἴδει
2215 2050 2506 2141 ἀρχήν.)

288 2158 690 2224 Exstiterunt
733 2170 942 2225 tamen
985 2162 1152 2225 inter
1199 2178 1330 2236 eos,
1375 2160 1483 2243 qui
1527 2160 1679 2222 victi
1723 2161 1859 2224 eius
1894 2161 2302 2244 quaestionis,
2346 2178 2509 2244 quae

291 2273 389 2328 est
448 2263 535 2328 de
596 2285 782 2328 causa
843 2266 1136 2340 metrice,
1196 2260 1601 2339 difficultate,
1660 2255 1873 2345 ὥσπερ
1928 2258 2329 2342 ἡττηθέντες
2377 2252 2507 2326 ὑπὸ

288 2362 536 2446 ταύτης
579 2367 702 2446 τῆς
745 2361 1067 2447 ζητήσεως
1110 2365 1275 2442 a3o,
1329 2385 1460 2429 non
1506 2363 1715 2429 solum
1755 2346 2103 2452 simplicem
2148 2368 2508 2455 generatio-

289 2494 434 2538 nem
484 2481 552 2538 et
592 2472 914 2535 interitum
960 2467 1294 2547 tollerent,
1351 2490 1513 2555 quae
1571 2468 1692 2535 fuit
1749 2472 2097 2536 communis
2156 2471 2511 2557 antiquissi-

288 2598 539 2641 morum
584 2574 1118 2663 philosophorum
1160 2578 1492 2653 sententia,
1540 2572 1618 2638 cf.
1662 2572 1743 2638 ad
1783 2575 1944 2640 983⁶
1976 2576 2018 2639 6
2056 2595 2219 2660 sqq„
2254 2572 2368 2637 sed
2413 2593 2510 2636 re-

288 2678 462 2766 liqua
526 2682 713 2743 etiam
768 2678 1136 2743 mutationis
1196 2697 1468 2763 genera,
1528 2681 1940 2744 mutationem
2001 2676 2130 2741 loci
2190 2676 2507 2763 qualitatis

290 2786 679 2871 quantitatis.
753 2781 1009 2847 Eleatas
1054 2779 1134 2846 ab
1175 2778 1519 2845 Aristotele
1564 2779 1908 2870 significari
1950 2780 2347 2846 manifestum
2382 2790 2507 2857 est;

291 2887 407 2953 sed
452 2892 658 2974 ipsam
706 2887 840 2956 eius
877 2885 1204 2950 doctrinae
1239 2882 1521 2949 indolem
1559 2905 1696 2948 non
1727 2887 1934 2971 aptius
1965 2883 2279 2963 describit,
2324 2906 2509 2970 quam

289 2991 517 3080 paullo
566 3000 715 3055 ante
759 2987 1156 3055 Heracliteae
1200 2987 1652 3074 philosophiae
1689 2990 1800 3053 07.
1889 2989 2055 3054 Nam
2099 2987 2507 3054 Parmenides

290 3108 463 3161 certe
526 3116 661 3159 non
722 3102 938 3181 potest
995 3092 1119 3157 dici
1177 3094 1379 3156 victus
1424 3093 1706 3155 metricis
1752 3113 1980 3157 causae
2023 3089 2508 3180 investigandae

291 3197 674 3265 difficultate
720 3192 796 3262 τὸ
841 3202 910 3262 ἕν
953 3192 1274 3261 immobile
1319 3198 1640 3268 statuisse;
1700 3199 1888 3260 cessit
1931 3198 2175 3280 potiuS,
2222 3192 2373 3257 licet
2414 3197 2507 3257 in-

288 3306 437 3368 vitis
476 3300 791 3380 sensibus,
832 3297 1255 3388 cogitandi
1294 3299 1686 3371 necessitati3
1731 3301 2029 3382 quoniam
2069 3298 2341 3385 cogitari
2374 3317 2507 3361 non

290 3410 500 3493 possit
546 3407 729 3470 notio
774 3403 895 3467 τοῦ
937 3402 1321 3487 γίγνεσθαι,
1378 3399 1493 3465 sed
1541 3420 1734 3464 caeco
1779 3400 2101 3487 surdoque
2146 3400 2362 3466 similis
2408 3403 2507 3478 sit,

291 3513 343 3575 si
401 3512 548 3596 quis
606 3507 773 3573 idem
831 3516 896 3570 et
944 3528 1082 3571 esse
1130 3516 1196 3570 et
1240 3525 1373 3570 non
1422 3526 1559 3568 esse
1606 3505 1983 3583 contendat,
2040 3516 2386 3593 propterea
2442 3502 2508 3568 id

292 3613 468 3700 quod
519 3623 618 3677 est
660 3608 983 3675 immobile
1030 3620 1094 3674 et
1138 3621 1461 3673 aeternum
1513 3629 1653 3673 esse
1689 3621 1934 3684 censet3
1983 3607 2061 3672 cf.
2093 3609 2296 3674 Parm.
2329 3632 2387 3673 v.
2421 3611 2507 3672 49

293 3719 506 3783 Karst.
597 3716 742 3780 Nec
785 3725 957 3778 recte
1012 3713 1276 3778 Eleatae
1337 3716 1404 3777 iu
1466 3709 1695 3775 eodem
1747 3721 2018 3798 possunt
2070 3711 2297 3777 ordine
2353 3715 2508 3799 poni

291 3845 429 3887 cum
461 3822 702 3886 Ionicis
738 3817 862 3881 illis
903 3817 1324 3904 philosophis,
1368 3818 1474 3902 qui
1510 3837 1704 3880 unum
1741 3825 2097 3881 statuerunt
2132 3818 2508 3900 principium

292 3923 639 4001 materiale,
685 3920 857 4008 quod
889 3920 1141 4007 quidem
1174 3918 1550 3985 Aristoteles
1581 3918 1735 3984 facit
1765 3929 1830 3984 et
1864 3921 2026 3984 1129:
2072 3920 2233 3984 ἔνιοί
2275 3941 2349 4001 χε
2378 3919 2509 3984 τῶν

295 4029 359 4094 ἓν
394 4024 723 4113 λεγόντων
763 4034 825 4090 et
862 4026 974 4088 bl:
1021 4025 1151 4090 τῶν
1192 4026 1313 4110 μὲν
1353 4013 1469 4089 οὖν
1506 4024 1576 4087 ἓν
1612 4018 2004 4111 φασκόντων
2039 4019 2207 4089 εἶναι
2239 4018 2316 4087 τὸ
2352 4023 2508 4086 πᾶν.

294 4133 434 4197 Ηοο
481 4130 690 4196 altero
741 4132 927 4193 etiam
972 4127 1141 4209 loco,
1188 4129 1341 4193 licet
1384 4125 1769 4192 vocabulum
1815 4121 1891 4190 τὸ
1936 4127 2073 4191 πᾶν
2114 4136 2261 4212 apte
2299 4122 2510 4189 videa-

295 4246 395 4301 tur
440 4236 520 4301 ad
553 4234 814 4302 Eleatas
859 4232 1087 4297 referri
1130 4254 1347 4320 posse,
1390 4252 1530 4295 non
1571 4230 1692 4294 hos
1737 4230 1943 4296 solum
1990 4229 2117 4294 dici
2154 4227 2268 4293 sed
2305 4238 2510 4293 utros-

296 4362 416 4426 que
463 4350 530 4407 et
571 4340 833 4407 Ionicos
881 4336 1309 4426 physiologos,
1342 4347 1408 4401 et
1440 4335 1699 4404 Eleatas
1737 4356 1861 4402 una
1901 4330 2354 4421 comprehendi
2393 4350 2509 4395 no-
