3043 4973
565 251 713 327 446
796 208 805 217 ’
1412 256 1459 325 1
1498 249 1570 325 s.
1653 249 1921 325 mssa.

564 451 702 495 sum
746 430 828 495 sit
869 430 937 493 in
973 425 1239 492 diversis
1278 427 1646 515 speciebus;
1693 421 1796 492 διὸ
1842 425 2041 495 τοῦτο
2086 420 2164 493 τὰ
2205 420 2432 495 κοινὰν
2476 427 2632 506 (int.
2662 428 2777 507 γέ-

562 534 716 612 νος)
762 536 982 618 ἕτερον
1026 526 1330 610 ἀλλήλων
1373 532 1511 596 ἐστὶ
1547 533 1639 615 τῷ
1676 528 1901 599 ε’ίδειά
1916 533 1976 597 4.
2047 532 2400 613 (Nimirum
2435 549 2777 595 commune

562 659 750 723 quum
796 634 1028 701 dicitur
1074 657 1213 701 esse
1261 656 1495 724 genus,
1553 634 1928 701 universalis
1990 638 2122 701 eius
2178 637 2361 701 notio
2422 636 2775 721 cogitatur;

563 741 881 806 diversum
928 761 1116 824 quum
1153 761 1293 804 esse
1330 738 1738 805 contenditur
1773 742 1838 803 in
1875 739 2141 805 diversis
2174 738 2533 825 speciebus,
2575 757 2779 824 gene-

559 847 647 908 ris
691 845 872 907 notio
917 844 1042 907 iam
1087 845 1496 930 coniungitur
1542 865 1682 908 cum
1728 843 2102 909 differentiis
2147 841 2512 929 specificis.)
2587 842 2781 906 ἔσται

564 942 649 1026 δὴ
693 942 882 1011 καθ’
923 941 1132 1011 αὐτὰ
1176 941 1253 1011 τὸ
1298 948 1418 1030 μὲν
1457 947 1709 1012 τοιονδὶ
1746 947 1918 1030 ζῷον
1953 984 2035 999 --
2076 940 2219 1013 οἷον
2258 950 2457 1022 ἵππος
2493 948 2601 1023 ⁴15,
2644 947 2684 1008 i.
2717 964 2780 1009 e.

564 1053 860 1137 quoniam
905 1070 1109 1137 genus
1146 1043 1239 1133 μὴ
1276 1045 1447 1115 κατ-οὶ
1485 1045 1898 1135 συμβεβηκὸς
1937 1053 2062 1135 ἔχει
2098 1044 2435 1139 διαφοράν
2471 1051 2581 1126 al,
2625 1067 2781 1135 pro-

561 1165 781 1241 pterea
827 1151 1091 1240 singulis
1139 1156 1392 1240 generis
1438 1154 1765 1220 cuiusdam
1812 1154 2149 1242 speciebus
2194 1164 2265 1221 ut
2309 1175 2425 1218 eae
2454 1156 2581 1217 sint
2610 1172 2779 1237 quae

564 1268 713 1322 sunt
768 1277 906 1321 non
955 1279 1073 1344 per
1116 1257 1409 1322 accidens
1456 1259 1774 1336 inhaeret,
1831 1258 1947 1323 sed
1990 1263 2059 1323 in
2102 1262 2243 1344 ipsa
2287 1267 2540 1334 natura,
2594 1252 2769 1320 καθ’

562 1355 752 1437 αὑτά,
800 1362 986 1425 inest.
1721 1438 1726 1447 Ι

699 1465 910 1529 1058α
951 1465 994 1529 8
1040 1467 1526 1542 ἐναντίωσις
1569 1504 1658 1515 --
1700 1468 1789 1530 ’16
1835 1467 2079 1531 ἐστίν.
2181 1466 2364 1530 Hanc
2418 1456 2779 1549 ἑτερότητα

561 1571 657 1652 τῷ
699 1565 851 1633 ε’ίὸει
891 1566 1191 1656 redigere
1232 1568 1450 1634 studet
1495 1569 1578 1634 ad
1624 1572 2164 1648 contrarietatem,
2209 1569 2592 1634 ἐναντίωσιν
2636 1567 2777 1630 sive

562 1668 1022 1752 ἐναντιότητα,
1079 1671 1195 1737 sed
1253 1695 1376 1759 qua
1432 1674 1501 1739 id
1552 1677 1802 1755 ratione
1845 1674 2063 1751 faciat,
2119 1692 2255 1736 non
2312 1671 2566 1736 videtur
2619 1672 2780 1743 satis

561 1780 902 1864 perspicue
949 1779 1337 1862 exposuisse.
1425 1777 1704 1841 Primum
1762 1780 1928 1843 enim
1986 1774 2072 1841 ita
2134 1776 2357 1841 scribit
2406 1776 2524 1840 «ὃς
2581 1779 2781 1840 ἐναν-

563 1882 784 1956 τίωσις
827 1881 1107 1945 τοίνυν
1152 1881 1331 1946 ἐστὶν
1377 1874 1573 1960 αὕτη,
1632 1884 1811 1966 quasi
1868 1904 1943 1946 ex
1988 1881 2425 1967 superioribus
2470 1880 2598 1943 hoc
2641 1876 2783 1942 col-

562 1983 801 2071 ligatur
861 1994 925 2051 et
980 1983 1245 2057 accedat
1301 1984 1741 2053 tantummodo
1802 1988 1829 2066 (
1845 1985 2047 2064 δῆλον
2093 1985 2162 2050 δὲ
2204 1987 2341 2050 καί
2383 1987 2513 2066 119)
2560 2004 2635 2049 ex
2679 1985 2780 2046 in-

564 2086 867 2151 ductione
913 2087 1346 2164 confirmatio;
1395 2098 1460 2155 at
1494 2087 1819 2174 quomodo
1859 2111 1935 2153 ex
1968 2091 2300 2175 superiore
2335 2086 2780 2174 disputatione

562 2191 691 2253 hoc
736 2188 1036 2257 concludi
1065 2192 1304 2282 possit,
1349 2191 1641 2276 equidem
1684 2213 1821 2257 non
1864 2195 2209 2278 perspicio.
2284 2193 2382 2257 Ac
2425 2189 2660 2257 deinde
2700 2192 2778 2253 in

567 2314 644 2359 ea
700 2295 1281 2381 argumentatione,
1340 2316 1526 2378 quam
1585 2317 1658 2360 ex
1714 2295 2086 2361 inductione
2145 2317 2215 2361 se
2259 2295 2415 2363 dicit
2455 2303 2776 2380 repetere,

563 2416 758 2463 unum
794 2417 948 2461 sane
988 2396 1192 2482 affert,
1239 2397 1415 2484 quod
1449 2398 1532 2463 ad
1564 2398 2059 2467 confirmandam
2091 2403 2599 2486 propositionem
2629 2418 2775 2483 per-

563 2505 778 2579 tineat,
814 2504 933 2568 ‘192
971 2497 1194 2566 πάντα
1228 2495 1356 2586 γὰρ
1394 2502 1745 2590 διαιρεῖται
1778 2510 1917 2580 τοῖς
1947 2503 2431 2588 ἀντικειμένοις,
2465 2503 2545 2568 cf.
2579 2505 2639 2566 Z
2667 2504 2772 2568 12.

566 2607 769 2672 103712
794 2606 913 2669 20³
960 2608 1031 2669 αἱ
1075 2597 1203 2687 γὰρ
1249 2604 1576 2695 διαφοραὶ
1616 2609 1912 2672 ἐναντίαι
1955 2604 2062 2684 αἶς
2105 2609 2405 2697 διαφέρει
2446 2601 2523 2671 τὸ
2567 2613 2773 2689 γένος.

567 2710 737 2794 Top.
774 2709 871 2774 VI
915 2711 975 2774 4.
1022 2709 1183 2775 142⁶
1208 2712 1277 2774 9:
1323 2704 1407 2776 τοὶ
1452 2717 1521 2775 ἐκ
1565 2711 1688 2776 τοῦ
1727 2707 1933 2776 αὐτοῦ
1975 2715 2204 2793 γένους
2247 2707 2772 2799 ἀντιδοῃρημένα.

564 2814 630 2874 V
662 2816 720 2876 6.
754 2814 911 2880 1361>
943 2815 1005 2878 3.
1055 2812 1200 2880 Cat.
1234 2816 1338 2880 13.
1377 2815 1491 2878 141>
1519 2815 1626 2880 33.
1691 2815 1942 2879 Etenim
1973 2817 2028 2877 si
2055 2836 2208 2878 vere
2242 2813 2588 2892 contendit,
2621 2833 2775 2877 con-

566 2918 756 2980 traria
790 2936 929 2980 esse
965 2914 1194 3000 quibus
1225 2938 1430 3003 genus
1463 2915 1889 3004 distinguatur
1917 2919 1985 2984 in
2016 2920 2279 3003 species,
2324 2938 2592 2984 necesse
2619 2937 2774 2984 sane

570 3029 693 3096 est,
746 3012 867 3098 τὴν
910 3014 1262 3106 ἑτερότητα
1306 3021 1399 3101 τῷ
1444 3016 1624 3095 εἴδει,
1684 3023 1980 3105 quoniam
2025 3031 2123 3085 est
2167 3014 2462 3111 διαφορὰ
2506 3021 2625 3088 τοῦ
2666 3024 2773 3103 γέ·-

563 3144 748 3199 νους,
804 3120 1013 3210 redigi
1058 3120 1141 3186 ad
1185 3123 1600 3201 ἐναντίωσιν,
1654 3122 1767 3187 sed
1812 3127 2017 3209 ipsum
2061 3123 2223 3190 illud
2270 3123 2620 3209 exemplum
2664 3145 2775 3210 ge·

565 3229 736 3291 neris
766 3228 833 3290 in
863 3227 1107 3313 species
1141 3225 1344 3305 divisi,
1388 3225 1565 3312 quod
1597 3226 1783 3294 affert
1817 3226 1960 3295 Cat.
1991 3227 2033 3293 l.
2066 3228 2126 3306 l.,
2163 3227 2605 3294 demonstrare
2631 3237 2775 3314 pot-

567 3340 680 3408 est,
712 3328 1108 3394 differentias
1138 3333 1411 3418 gcneriS,
1458 3334 1755 3415 quoniam
1788 3331 2005 3418 plures
2044 3355 2228 3419 quam
2262 3331 2425 3397 duae
2458 3353 2597 3398 esse
2627 3351 2772 3417 pos-

566 3443 714 3498 sunt
755 3436 823 3497 in
872 3432 1092 3498 eadem
1137 3432 1577 3513 distinctione,
1629 3456 1766 3500 non
1813 3456 1954 3500 esse
1999 3438 2361 3501 necessario
2407 3436 2772 3502 contrarias.

509 3615 514 3620 ⁶
567 3573 651 3584 -—
691 3536 880 3620 Quae
920 3546 1129 3604 autem
1163 3548 1489 3623 praeterea
1529 3538 1721 3617 addit,
1758 3540 1896 3603 ⁶10
1932 3541 2045 3608 καὶ
2080 3534 2184 3608 ὅτι
2214 3537 2539 3606 τάναντία
2573 3575 2653 3590 --
2689 3539 2772 3602 15

567 3636 650 3705 οὐ
705 3641 1026 3723 γίγνεται,
1084 3661 1161 3705 ea
1215 3662 1337 3708 nec
1392 3663 1511 3728 per
1567 3664 1637 3707 se
1683 3652 1831 3729 apte
1879 3653 1944 3707 et
1986 3647 2155 3710 iusto
2204 3641 2777 3716 ordinevidentut

570 3743 887 3830 disputata
935 3765 1092 3822 esse,
1137 3765 1345 3830 neque
1387 3766 1548 3810 vero
1597 3745 1676 3810 ad
1720 3746 2216 3813 confirmandam
2262 3748 2776 3832 propositionem

569 3848 906 3934 quidquam
955 3848 1269 3914 conferre.
1348 3848 1549 3935 Quod
1597 3853 1759 3914 enim
1806 3853 2122 3917 contraria
2161 3854 2230 3916 in
2267 3850 2495 3920 eodem
2534 3871 2776 3939 genere

571 3971 711 4016 esse
759 3966 823 4016 et
866 3946 990 4032 τὴν
1032 3949 1462 4032 ἐναντιότητα
1507 3948 1844 4042 διαφορὰν
1887 3956 2142 4022 τελείαν
2188 3976 2329 4022 esse
2370 3954 2538 4033 dicit,
2587 3976 2659 4018 ex
2691 3973 2774 4028 eo

567 4073 703 4120 non
748 4066 964 4141 potest
1007 4057 1244 4145 colligi,
1289 4079 1453 4143 quae
1495 4060 1566 4121 in
1612 4056 1839 4128 eodem
1877 4079 2116 4146 genere
2152 4058 2624 4146 distinguantur
2657 4056 2776 4130 dif-

571 4158 895 4238 ferentiae,
943 4181 1051 4224 eas
1094 4183 1235 4236 esse
1280 4166 1646 4241 contrariaS,
1692 4161 1800 4226 vel
1842 4157 1964 4241 τὴν
2008 4156 2345 4251 διαφορὰν
2389 4164 2508 4230 τοῦ
2550 4165 2776 4245 γένους

572 4283 711 4332 esse
756 4257 1207 4342 ἐναντιότητα.
1255 4300 1332 4316 -
1376 4267 1509 4329 all
1559 4265 1901 4346 δέδεικται,
1957 4265 2037 4329 cf.
2084 4288 2221 4354 cap.
2252 4267 2316 4334 4.
2365 4303 2450 4318 -
2491 4268 2625 4331 all
2672 4254 2773 4345 ἦν,
