3043 4973
499 217 638 296 168
1317 222 1393 295 B
1423 218 1509 292 6.
1591 218 1781 295 1002
1798 219 1862 294 b.

489 397 850 484 γίγνονται.
934 394 1295 463 illustratur
1335 397 1496 462 haec
1536 406 1764 463 natura
1804 394 2142 485 planorum
2185 395 2494 463 linearum
2536 418 2696 485 pun-

494 511 766 580 ctorum,
825 501 962 566 sine
1019 505 1434 590 generatione
1490 511 1555 567 et
1599 505 2012 589 corruptione
2058 523 2198 568 esse
2241 501 2348 568 vel
2391 505 2695 589 incipien-

491 607 644 670 tium
689 603 800 670 vel
841 603 1293 685 desinentium,
1339 606 1629 693 exemplo
1673 608 1795 672 τοῦ
1831 605 1981 684 νῦν,
2025 609 2325 671 momenti
2369 609 2695 693 temporis,

492 710 670 773 cuius
731 706 953 774 eadem
1011 717 1111 774 est
1161 712 1231 775 in
1273 720 1566 800 tempore
1617 720 1805 796 atque
1847 708 2104 775 illorum
2133 713 2215 776 -in
2258 694 2467 797 spatio
2510 712 2693 789 ratio,

493 812 574 879 cf.
621 812 812 899 Phys.
856 812 954 876 lv
1000 814 1103 879 13.

629 916 839 981 1⁰02a
873 917 919 981 8
963 919 1041 981 οἱ
1085 916 1232 1002 μὲν
1271 918 1570 985 πολλοὶ
1610 918 1748 986 καὶ
1792 920 1870 984 οἱ
1911 912 2344 1006 πρότερον,
2398 917 2697 1002 antiquis-

490 1020 687 1084 simos
718 1017 872 1087 dicit
898 1019 1346 1111 physiologos.
1372 1061 1463 1075 -
1496 1024 1633 1089 all
1681 1025 1756 1089 οὶ
1799 1018 1861 1088 δ’
1897 1017 2275 1111 ὕστερον,
2322 1020 2401 1087 cf.
2431 1019 2515 1087 ad
2544 1021 2693 1086 ΖΞ.

629 1229 837 1295 1⁰02a
858 1229 944 1295 21
991 1229 1309 1297 ἔνεστιν
1347 1229 1527 1317 quod
1562 1232 1839 1296 coniecit
1869 1228 2240 1296 Brundisius
2276 1249 2398 1318 pro
2433 1227 2695 1316 vulgata

494 1329 775 1398 lectione
820 1338 889 1400 ἕν
933 1337 1072 1400 ἐστι
1112 1354 1249 1399 non
1292 1333 1578 1401 dubitavi
1621 1338 1689 1400 in
1732 1345 1908 1401 textu
1949 1333 2227 1400 scribere
2265 1343 2518 1400 secutus
2548 1332 2696 1398 Ale-

416 1473 421 1482 ·
494 1435 719 1501 xandri
745 1440 1287 1503 commentarium:
1333 1433 1440 1504 ὅτι
1478 1433 1574 1524 μή
1617 1443 1843 1505 ἐστιν
1873 1442 1970 1503 ἐν
2010 1445 2153 1516 τοῖς
2195 1433 2454 1524 σώμασι
2487 1460 2697 1503 ταυτα

493 1548 581 1604 et.
623 1533 728 1605 ὅτι
762 1544 848 1607 ἐν
883 1565 975 1626 τῳ
1009 1537 1265 1627 σώματι
1300 1543 1526 1609 ἔστιν
1555 1531 1911 1609 ὁποιονοῦν
1939 1542 2178 1628 σχῆμα,
2210 1566 2274 1631 p.
2292 1544 2438 1622 186,
2462 1545 2565 1620 17,
2586 1543 2694 1606 20.

489 1641 793 1709 Eiusdem
844 1643 1188 1712 Alexandri
1244 1650 1604 1713 auctoritati
1662 1647 2004 1713 obsecutus
2060 1665 2227 1728 sum,
2283 1645 2458 1734 quod
2511 1646 2697 1711 omisi

491 1746 692 1814 verba
729 1740 777 1828 ἢ
812 1744 1040 1827 οὐθέν,
1084 1771 1248 1837 quae
1288 1760 1443 1837 post
1478 1753 1704 1838 σχῆμα
1740 1772 1777 1817 e
1811 1751 2013 1816 tribus
2052 1748 2239 1817 codd.
2268 1750 2550 1815 21me
2589 1747 2698 1814 ad-

492 1849 795 1918 fflderunt
826 1852 1065 1919 Brand.
1114 1863 1179 1919 et
1215 1855 1569 1921 Bekkerus.
1644 1854 1748 1921 Ad
1790 1858 2337 1920 ratiocinationem
2380 1852 2492 1919 illa
2536 1851 2696 1918 nihil

490 1977 756 2043 prorsus
800 1957 1157 2038 conferunt,
1204 1963 1380 2025 cuius
1426 1960 1677 2046 quidem
1722 1962 1928 2025 omnis
1971 1961 2068 2025 vis
2103 1962 2174 2024 in
2211 1979 2291 2025 eo
2334 1967 2432 2023 est
2467 1960 2695 2044 posita,

494 2058 671 2146 quod
713 2063 952 2146 pariter
994 2083 1216 2127 omnes
1258 2061 1509 2151 figurae
1549 2067 1758 2130 inesse
1798 2067 2057 2151 corpori
2093 2073 2477 2141 asseruntur,
2521 2061 2702 2140 unde,

497 2162 785 2242 efficitur,
828 2174 916 2243 ut,
958 2188 1146 2251 quum
1183 2168 1501 2253 quaedam
1540 2190 1615 2233 ex
1652 2172 1729 2234 iis
1762 2171 1974 2236 inesse
2009 2178 2342 2257 negentur,
2390 2189 2465 2232 ea
2499 2187 2698 2255 nega-

493 2268 586 2334 tio
632 2266 715 2331 ad
757 2266 1035 2354 reliquas
1079 2274 1397 2358 pertineat
1442 2293 1684 2338 omnes,

628 2373 829 2437 lomb
862 2374 906 2437 3
951 2370 1044 2439 οὐ
1092 2369 1242 2459 γὰρ
1295 2369 1389 2456 δὴ
1435 2371 1480 2456 ἥ
1524 2402 1567 2461 y
1625 2373 2110 2461 ἀδιαίρετος
2167 2369 2467 2461 στιγμὴ
2524 2376 2695 2466 διῃ-

494 2476 706 2567 ρέθη
754 2481 867 2555 εἰς
911 2473 1085 2558 δύο,
1130 2480 1187 2544 h.
1227 2502 1281 2545 e.
1340 2502 1549 2568 neque
1607 2483 1772 2546 enim
1813 2478 1974 2547 illud
2018 2483 2344 2567 quisquam
2388 2483 2694 2558 statuerit,

489 2585 579 2648 ita
613 2585 682 2649 in
713 2582 1076 2648 dirimendis
1108 2585 1484 2671 corporibus
1511 2585 1656 2652 fieri
1683 2585 1942 2672 planum
1972 2584 2081 2650 vel
2106 2583 2355 2662 lineam,
2389 2596 2462 2650 ut
2488 2588 2696 2671 ipsum

490 2697 797 2776 punctum
839 2686 1214 2767 dissecetur3
1257 2701 1355 2756 est
1392 2693 1559 2757 enim
1597 2701 1901 2779 punctum
1935 2710 2197 2777 prorsus
2233 2688 2648 2755 individuum.

1384 2938 1613 3014 CAP.
1674 2937 1805 3013 VI.

842 3085 1159 3165 Quaestio
1201 3088 1399 3152 tertia
1440 3088 1711 3154 decima.
1805 3091 2009 3156 100211
2047 3091 2349 3156 12—32.

626 3202 826 3290 Quod
870 3206 998 3273 boc
1037 3204 1189 3271 loco
1237 3209 1486 3293 quaerit
1528 3207 1700 3274 unde
1743 3207 1996 3274 tandem
2032 3210 2268 3275 factum
2304 3212 2404 3288 sit,
2445 3217 2517 3273 ut
2555 3208 2696 3294 pbi-

490 3307 752 3396 losophi
795 3310 1077 3397 quidam,
1131 3313 1423 3377 nimirum
1468 3310 1654 3378 Plato
1704 3317 1963 3400 eiusque
2007 3324 2387 3392 sectatoreS,
2437 3323 2694 3401 praeter

490 3435 595 3478 res
639 3414 971 3479 sensibiles
1017 3425 1082 3479 et
1124 3418 1591 3483 mathematicas
1637 3418 1760 3483 alia
1804 3417 2112 3505 quaedam
2155 3421 2489 3505 posuerint
2522 3421 2695 3505 prin-

493 3519 677 3603 cipia,
720 3517 788 3583 id
826 3538 961 3583 non
996 3525 1337 3606 proposuit
1371 3524 1440 3586 in
1475 3524 1791 3607 principio
1831 3521 1993 3603 libri,
2037 3521 2146 3587 ubi
2183 3522 2482 3611 singulas,
2528 3541 2691 3607 quae

492 3620 903 3689 excutiendae
949 3634 1175 3701 essent,
1225 3620 1510 3712 ἀπορίας
1551 3624 1833 3690 breviter
1872 3630 2209 3695 recensuit.
2301 3627 2396 3690 Ac
2437 3624 2692 3689 videtur
2823 3650 2830 3659 “

491 3724 742 3812 quidem
788 3746 866 3790 ea
911 3729 1282 3811 quaestione
1327 3714 1748 3814 supersedere
1769 3732 2095 3816 potuisse,
2139 3751 2283 3795 nam
2330 3733 2693 3795 continetur

491 3828 963 3916 quodammodo
1009 3833 1383 3916 quaestione
1428 3833 1679 3917 quinta,
1735 3835 1896 3918 quae
1953 3842 2053 3898 est
2093 3832 2180 3898 de
2220 3833 2413 3901 rebus
2456 3833 2692 3898 matbe-

487 3934 730 3997 maticis
789 3944 855 3998 et
907 3932 992 3998 de
1048 3932 1240 4016 ideis,
1295 3945 1362 4000 et
1411 3939 1786 4023 quaestione
1830 3958 2033 4016 nona,
2092 3959 2213 4025 qua
2270 3941 2692 4026 investigatur

488 4057 640 4102 num
695 4039 1008 4124 principia
1066 4037 1316 4127 singula
1370 4061 1639 4107 numero
1697 4044 1823 4105 sint
1878 4062 2004 4108 una
2062 4063 2145 4106 an
2187 4046 2421 4130 specie.
2510 4043 2692 4107 Facit

489 4148 700 4206 autem
727 4140 1010 4207 idearum
1040 4153 1332 4209 auctores
1360 4144 1533 4209 hunc
1558 4148 1624 4210 in
1655 4144 1928 4211 modum.
1956 4156 2482 4234 argumentantes.
2557 4145 2691 4214 Co-

489 4247 696 4334 gnitio
736 4255 801 4311 et
833 4247 1099 4311 scicntia
1131 4259 1204 4313 ut
1235 4251 1442 4334 possit
1475 4269 1633 4328 esse,
1674 4251 1980 4339 principia
2016 4254 2175 4338 poni
2210 4262 2487 4339 oportet,
2526 4274 2690 4337 quae

488 4348 741 4440 singula
768 4369 1036 4417 numero
1067 4353 1197 4417 sint
1225 4373 1380 4428 una3
1424 4356 1600 4440 atqui
1642 4374 1744 4420 res
1780 4355 2271 4436 mathematicae,
2315 4378 2470 4445 quas
2505 4376 2690 4445 prae·
