3043 4973
1186 243 1248 316 Θ
1296 244 1366 318 3.
1448 242 1720 318 1047α.
2412 246 2564 322 387

348 414 475 485 τόν
518 421 780 507 propria
827 441 902 484 ac
944 443 1061 486 sua
1107 422 1169 485 vi
1214 420 1294 485 ad
1339 422 1722 507 principium
1761 420 2000 510 agendi
2017 421 2136 488 'vel
2164 422 2448 509 patiendi
2475 425 2569 490 rei

351 527 608 590 insitum
654 526 987 610 pertineat,
1033 520 1110 590 τὸ
1156 523 1580 610 ἐνδεχόμενον
1626 537 1837 592 autem
1883 547 2020 592 eam
2066 526 2390 613 significet
2420 550 2569 614 pos-

353 628 733 706 sibilitatem,
770 650 890 716 per
917 651 1119 714 quam,
1155 631 1209 694 si
1240 629 1390 714 quid
1419 651 1733 717 ponamus
1765 652 1941 696 esse
1972 629 2147 715 quod
2178 630 2567 715 ἐνδέχεσθαι

351 731 632 811 diximuS,
678 753 811 797 non
857 731 1206 798 verendum
1251 736 1334 798 sit
1378 756 1461 800 ne
1507 734 1697 800 nobis
1737 732 2243 800 contradicamus
2285 735 2432 818 ipsi3
2482 733 2563 802 cf.

351 837 580 902 Waitz
610 837 772 923 Org.
804 836 851 901 1.
897 860 958 921 p.
991 838 1141 904 376.
1218 837 1301 901 Et
1346 832 1421 903 τὸ
1468 833 1898 922 ἐνδεχόμενον
1942 836 2194 922 quidem
2243 858 2563 922 nunquam

351 944 675 1030 propriam
704 940 878 1006 illam
923 941 1044 1006 τοῦ
1087 941 1374 1006 δυνατοῦ
1416 946 1745 1008 notionem
1778 940 2031 1006 videtur
2060 939 2413 1008 adsciscere
2427 953 2452 1017 ;’
2487 936 2565 1005 τὸ

352 1039 638 1110 δυνατόν
695 1055 901 1111 autem
963 1063 1158 1130 saepe
1204 1043 1431 1109 latiore
1478 1068 1671 1111 sensu
1714 1050 1800 1110 ita
1849 1056 2217 1130 usurpatur,
2277 1054 2349 1110 ut
2393 1066 2432 1108 a
2476 1046 2568 1126 τῷ

352 1148 750 1231 ἐνδεχομένῳ
804 1170 940 1214 non
999 1148 1270 1214 differat.
1360 1148 1434 1214 Id
1482 1150 1609 1214 hoc
1651 1153 1793 1236 ipso
1842 1148 1992 1214 loco
2038 1148 2181 1214 fieri
2223 1147 2561 1234 apparebit

352 1251 711 1318 conferenti
736 1253 856 1318 An.
887 1274 984 1339 pr.
1014 1253 1047 1317 1
1082 1254 1184 1318 13.
1215 1254 1339 1317 322
1367 1255 1477 1318 18:
1515 1254 1680 1337 λέγω
1718 1249 1777 1318 δ’
1809 1255 2313 1337 ἐνδέχεσθαι
2347 1253 2457 1318 καὶ
2489 1247 2567 1316 τὸ

352 1352 933 1442 ἐνδεχόμενον,
979 1346 1059 1422 οὗ
1098 1351 1190 1440 μὴ
1233 1350 1426 1433 ὄντος
1472 1353 1856 1440 ἀναγκαίου,
1902 1360 2217 1433 τεθέντος
2255 1353 2316 1419 δ’
2356 1350 2569 1439 ὑπάρ-

346 1451 528 1544 χειν,”
552 1457 742 1528 οὐδὲν
786 1461 971 1525 ἔσται
1014 1456 1124 1524 διὰ
1169 1458 1346 1526 τοῦτ’
1386 1457 1737 1526 ἀδύνατον.
1822 1461 2018 1548 Phys.
2045 1462 2169 1525 VII
2211 1462 2269 1524 1.
2305 1461 2451 1536 127,
2484 1460 2569 1526 12

354 1546 497 1647 ⁹(ed.
556 1563 759 1632 Bekk.
817 1566 1036 1645 min.):
1100 1564 1220 1630 τοῦ
1277 1560 1336 1628 δ’
1378 1565 1927 1649 ἐνδεχομένου
1981 1566 2298 1639 τεθέντος
2354 1559 2566 1630 οὐθὲν

353 1662 686 1753 προσήκει,
713 1670 1071 1753 γίγνεσθαι
1112 1661 1228 1732 διὰ
1268 1669 1465 1734 τοῦτο
1514 1663 1867 1734 ἀδύνατον.
1905 1708 1982 1720 -
2032 1667 2338 1735 Ceterum
2375 1687 2569 1752 appa-

353 1783 455 1837 ret
499 1775 564 1837 in
611 1771 853 1838 circulo
900 1774 1142 1837 versari
1187 1794 1371 1858 quam
1416 1771 1521 1836 hic
1566 1775 1874 1859 proponit
1911 1773 2037 1838 ,τοῦ
2081 1773 2368 1837 δυνατοῦ
2414 1768 2570 1834 defi-

354 1880 682 1956 nitionem,
733 1899 924 1963 quum
972 1876 1223 1963 quidem
1270 1869 1345 1941 τό
1392 1871 1677 1942 δυνατόν
1724 1875 2027 1941 describit
2068 1898 2185 1962 per
2228 1877 2568 1961 negativae

355 1985 641 2047 notionis
673 1985 1097 2068 negationem,
1135 1984 1313 2067 quasi
1344 1980 1598 2045 brevius
1632 1979 1824 2044 dicat:
1863 1975 2148 2044 δυνατόν
2185 1983 2321 2042 ἐστι
2353 1980 2567 2056 τοῦτο,

357 2080 396 2151 ὃ
442 2088 735 2170 ἐνεργείᾳ
778 2083 949 2152 εἶναι
993 2083 1113 2151 οὐκ
1155 2087 1330 2150 ἔστιν
1377 2080 1726 2149 ἀδύνατον.
1804 2082 2004 2169 Quod
2050 2080 2301 2167 quidem
2346 2085 2567 2147 vitium

354 2188 709 2255 definiendi
753 2189 903 2254 licet
938 2187 1266 2276 aliquanto
1306 2192 1638 2266 minuatur,
1685 2190 1738 2252 si
1781 2182 1860 2252 τὸ
1905 2180 2209 2264 δυνατόν,
2254 2184 2429 2271 quod
2459 2184 2570 2250 de-

350 2294 516 2373 finit,
564 2293 644 2358 de
674 2292 983 2380 qualitate
1012 2292 1280 2379 quadam
1311 2297 1406 2358 rei
1439 2294 1830 2370 inhaerente,
1875 2283 1952 2357 τὸ
1997 2285 2347 2369 ἀδύνατον,
2393 2289 2569 2375 quod

229 2474 238 2483 ι
358 2398 440 2463 ad
486 2397 920 2466 definiendum
964 2393 1291 2476 adsciscit}
1345 2396 1425 2461 de
1479 2400 1728 2460 interna
1776 2393 2103 2483 cogitandi
2148 2395 2569 2482 repugnantia

356 2502 852 2569 intellexerimus
898 2502 1231 2588 (logi-velte
1283 2500 1830 2586 Ummiiglichkeit,
1873 2500 1956 2564 cf·
1988 2496 2221 2564 Waitz
2257 2497 2299 2561 l.
2330 2497 2431 2578 1.),
2477 2508 2568 2562 ta-

357 2630 506 2672 men
551 2607 701 2672 inde
748 2607 1031 2672 nondum
1087 2629 1338 2672 omnem
1399 2606 1604 2670 dirimi
1664 2601 2135 2679 difficultatem,
2191 2623 2374 2687 quam
2419 2620 2568 2687 prn-

301 2740 304 2742 ’
355 2711 661 2800 ponenda
704 2712 824 2777 hac
868 2714 1139 2777 notione
1185 2722 1249 2774 et
1291 2714 1359 2775 in
1403 2710 1723 2796 principio
1780 2704 2160 2775 collocanda
2205 2705 2313 2771 Ar.
2357 2704 2567 2783 subiit,

355 2816 712 2883 videbimus
758 2815 838 2883 ad
884 2818 945 2880 6.
987 2815 1198 2881 104811
1229 2817 1317 2881 30
1356 2836 1491 2900 sqq.
1769 2900 1776 2906 ⁸

491 2921 592 2986 Ad
639 2919 1064 2987 definiendam
1112 2915 1391 3004 δύναμιν
1426 2920 1548 2985 iam
1589 2916 1717 2983 hoc
1757 2914 1908 2981 loco
1945 2911 2204 2979 adhibet
2233 2915 2567 2987 notionem

312 3026 698 3109 „tveoyec'aga
746 3022 828 3089 de
868 3045 990 3109 qua
1026 3024 1189 3091 infra
1228 3022 1497 3100 demum,
1533 3020 1684 3087 inde
1723 3041 1759 3083 a
1799 3041 1937 3105 cap.
1963 3019 2023 3096 6,
2065 3017 2323 3083 uberius
2356 3016 2608 3107 dispw·

358 3128 534 3195 tabit.
614 3125 814 3212 Quod
860 3126 1113 3211 quidem
1158 3124 1543 3193 vocabulum
1589 3125 1916 3207 ἐνεργείας
1957 3143 2149 3206 quum
2195 3121 2275 3185 ab
2324 3122 2567 3189 Aristo-

359 3231 489 3301 tele
532 3254 672 3297 cum
709 3230 914 3296 altero
953 3233 1344 3314 ἐντελεχείας
1388 3231 1645 3295 nomine
1686 3225 2062 3313 plerumque
2100 3227 2186 3287 ita
2222 3226 2569 3310 coniunga-

359 3347 463 3403 tur
510 3346 574 3403 et
619 3338 1111 3413 commisceatur,
1157 3344 1227 3398 ut
1270 3333 1435 3403 idem
1479 3342 1814 3414 utrumque
1857 3327 2150 3395 videatur
2188 3325 2568 3413 significare,

358 3439 643 3507 voluisse
676 3449 848 3504 certe
879 3438 1288 3507 Aristotelem
1335 3435 1674 3503 discrimen
1721 3430 1983 3518 aliquod
2027 3433 2195 3525 inter
2237 3439 2569 3516 utrumque

360 3547 786 3620 constituere,
843 3541 911 3607 id
970 3542 1148 3628 quod
1205 3540 1310 3607 vel
1367 3561 1442 3605 ex
1499 3538 1866 3605 diversitate
1910 3533 2371 3629 vocabulorum
2418 3550 2569 3599 con-

356 3658 736 3717 sentaneum
785 3656 907 3725 est,
953 3669 1029 3711 ex
1073 3646 1199 3710 hoc
1243 3647 1505 3711 maxime
1550 3641 1700 3707 loco
1747 3650 2031 3727 apparet,
2079 3637 2251 3724 quod
2300 3638 2480 3705 dicit:
2526 3634 2567 3718 ἡ

359 3755 648 3840 ἐνέργεια
687 3787 791 3828 --,
835 3748 879 3830 ἡ
926 3747 1092 3835 πρὸς
1136 3749 1532 3831 ἐντελέχειαν
1576 3746 2014 3830 συντιθεμένη
2062 3744 2225 3822 (nisi
2268 3742 2436 3806 forte
2470 3763 2571 3807 re-

358 3858 520 3920 ctius
553 3877 693 3923 cum
719 3853 1081 3921 Alexandro
1116 3851 1411 3919 scribitur
1440 3850 1909 3930 συντεθειμένη
1923 3852 1968 3926 >.
2016 3846 2096 3909 cf.
2127 3847 2189 3911 8.
2220 3848 2430 3915 105oa
2454 3847 2569 3910 23⁷:

360 3955 406 4039 ἡ
452 3962 737 4044 ἐνέργεια
787 3995 862 4009 --
916 3958 1227 4029 συντείνει
1271 3948 1451 4041 πρὸς,
1482 3954 1892 4036 ἐντελέχειαν.
1971 3951 2282 4017 Nimirum
2326 3951 2570 4017 ἐντελέ-

356 4084 523 4146 χεια,
563 4072 635 4127 ut
673 4060 1003 4129 descendit
1039 4059 1119 4124 ab
1156 4059 1472 4131 adiectivo
1512 4049 1843 4139 ἐντελεχής
1881 4057 1921 4118 i.
1950 4074 2005 4119 e.
2040 4052 2356 4140 plenuS,
2393 4075 2572 4138 per-

365 4165 659 4244 fectuS,
717 4165 1178 4251 perfectionem
1228 4164 1321 4227 rei
1368 4160 1714 4248 significan
1767 4161 2053 4242 ἐνέργεια
2096 4179 2282 4237 ver0,
2325 4155 2572 4220 derivas-

362 4279 495 4337 tum
532 4292 567 4333 a
600 4293 662 4332 v.
701 4274 1001 4354 ἐνεργεῖν,
1047 4289 1182 4333 eam
1221 4268 1535 4331 actionem
1571 4276 1638 4328 et
1673 4265 2104 4340 mutationem,
2149 4282 2272 4346 qua
2305 4258 2459 4347 quid
2497 4281 2572 4325 ex

360 4395 536 4441 mera
580 4372 1006 4460 possibilitate
1059 4371 1137 4436 ad
1197 4370 1449 4458 plenam
1493 4367 1866 4456 perducitur
1910 4368 2263 4441 essentiam.
2354 4362 2573 4447 Quare

2061 4472 2130 4523 25
2148 4470 2171 4494 ‘
