3043 4973
22 1170 52 2365 ,ο---“-*’“,ΠΙῖ““Ἇ“·-Ι·ϋι·ιιειιι-τ.-.ἡ

22 2428 53 3214 ξῗ-’ᾶ-ὖ-ΨῬΕΒ

24 3373 50 3534 ga

24 3595 51 3958 wat-‘3

27 4425 51 4488 ‘qr
30 4318 51 4381 ς-ι·
26 4212 51 4282 β·
27 4127 52 4170 φ

1061 215 1079 238 ”
1117 246 1228 332 ”zv
1266 260 1334 333 3.
1417 259 1608 335 1090
1625 252 1688 333 ι.
2370 256 2517 334 581

305 432 532 515 bilis(
543 426 844 517 μαλακός
876 435 998 513 b83-
1027 434 1106 500 cf.
1135 433 1219 500 ad
1249 434 1320 501 E
1342 438 1401 502 l.
1435 438 1639 503 lm
1666 439 1819 518 13);
1862 436 2013 502 finis
2054 436 2221 502 enim
2252 435 2516 502 alicuius

306 537 696 603 substantiae
727 556 892 603 non·
922 548 1021 604 eat
1064 538 1433 619 substantia,
1478 551 1548 606 et
1584 545 1637 606 si
1670 551 1852 621 esset,
1897 562 2031 607 non
2063 549 2237 606 esset
2262 538 2342 605 ab
2375 540 2513 627 ipsa

304 662 378 705 re
419 644 764 707 seiunctus·
795 680 883 693 —-
928 641 1060 728 Qui
1101 643 1344 709 fuerint
1390 647 1526 708 eius
1569 648 1924 713 sententiae
1962 655 2274 724 auctores,
2319 644 2513 715 cfsad

305 746 372 810 Z
393 747 453 809 2.
487 745 527 810 l.
555 745 596 810 Ι.
669 744 974 811 Ceterum
1022 767 1156 811 non
1198 751 1351 812 satis
1396 750 1562 812 iuste
1606 748 1689 814 de
1733 753 1810 814 iis
1854 747 2137 814 iudicare
2183 749 2290 814 Ar.
2336 746 2515 814 vide⁴

305 858 429 928 tur,
476 852 705 914 etenim
751 849 1088 914 manifesto
1132 855 1338 939 πέρας
1375 870 1516 915 non
1562 862 1686 916 tam
1731 851 1944 932 finem,
1986 873 2178 939 quam
2223 861 2512 916 naturam

305 951 714 1017 definientem
762 956 1221 1040 cogitaverunt,
1269 954 1352 1018 ci.
1394 953 1477 1019 de
1521 976 1665 1020 voc.
1702 955 1861 1021 ’ἴσον
1904 954 1983 1020 ad
2032 958 2093 1020 1.
2130 955 2335 1020 10870
2358 957 2419 1021 5.

435 1059 511 1137 c)
560 1058 762 1121 109ae
790 1059 1092 1123 13-32,
1172 1057 1482 1123 Inferiora
1530 1080 1736 1124 rerum
1782 1059 2357 1124 mathematioerum
2401 1057 2511 1146 ge-

299 1179 456 1223 nera
504 1159 652 1245 quid
700 1160 1036 1226 conferant
1079 1160 1161 1225 ad
1203 1164 1608 1247 superiorum
1645 1184 1952 1250 generum
1990 1173 2274 1227 naturam
2315 1172 2380 1227 et
2409 1180 2512 1227 ex-

298 1265 650 1328 sistentiam
709 1286 844 1330 non
904 1265 1202 1351 explicari
1266 1284 1642 1351 omnemque
1700 1276 1963 1331 naturae
2024 1269 2507 1332 continuitatem

299 1358 565 1431 dissolvi
624 1366 705 1432 ab
764 1371 842 1434 iis
898 1368 1329 1456 philosophis»,
1387 1372 1495 1455 qui
1552 1369 1801 1458 singula
1855 1368 2121 1457 singulis
2166 1368 2508 1458 generibus

296 1471 674 1555 praeficiant
703 1470 1065 1559 generibus,
1096 1474 1439 1552 1013—-20,
1481 1473 1560 1538 cf.
1591 1474 1674 1538 ad
1703 1476 1779 1540 A
1813 1475 1916 1538 10.
1952 1474 2154 1538 10750
2175 1475 2282 1539 37.
2334 1474 2422 1538 Μ
2443 1477 2504 1538 9.

300 1575 511 1640 1⁰85a
542 1579 601 1642 7.
686 1576 869 1640 Hanc
909 1577 1468 1662 reprehensionem
1517 1577 1839 1664 effugiunt
1880 1578 1986 1662 qui
2031 1575 2209 1643 ideas
2253 1587 2510 1663 ponunt

299 1683 481 1759 (τοῖς
525 1681 593 1743 δὲ
636 1674 756 1755 ’τὰς
799 1680 977 1757 ἰδέας
1020 1681 1396 1764 τιθεμένοις
1437 1681 1639 1745 τοῦτο
1682 1681 1802 1764 μὲν
1842 1673 2143 1767 ἐκφεύγει
2172 1681 2321 1758 ⁶20,
2366 1701 2507 1745 sen-

295 1783 514 1846 tentia·
541 1782 880 1847 verborum
925 1787 1288 1870 perspicua,
1347 1786 1741 1849 constructio
1798 1786 2202 1871 grammatica
2252 1783 2337 1848 ab
2384 1787 2507 1849 usi·

297 1885 771 1966 tatarecedit),
825 1897 892 1951 et
935 1887 1017 1951 ad
1064 1898 1338 1973 quatuor
1381 1892 1621 1974 primos
1668 1907 1967 1952 numeros
2011 1885 2251 1952 ideales
2296 1909 2502 1953 rerum

295 1994 822 2077 geometxicarum
880 2012 1118 2079 genera
1168 1990 1518 2079 redigunt,⁸
1554 1992 1636 2056 cf.
1683 1990 1764 2056 ad
1807 1993 1896 2056 M
1921 1992 1985 2056 8.
2024 1991 2233 2056 1084»
2260 1993 2330 2068 13
2386 1988 2505 2059 sed

295 2114 462 2178 quae
517 2097 602 2158 sit
655 2105 880 2159 natura
919 2094 1133 2160 lineae
1179 2116 1344 2181 quae
1399 2118 1473 2159 ex
1521 2094 1737 2182 dyade
1784 2103 1849 2160 et
1889 2096 2148 2159 materia
2194 2097 2506 2159 construi·

297 2206 402 2260 tur
458 2207 522 2262 et
578 2198 866 2264 similiter
920 2200 1342 2286 reliquorum,
1405 2210 1616 2265 utrum
1672 2200 1833 2264 haec
1885 2197 2169 2264 idearum
2227 2195 2505 2263 babeant

293 2299 666 2388 dignitatem
709 2324 942 2384 necne,
1002 2304 1151 2391 quid
1209 2304 1547 2369 conferant
1595 2303 1674 2369 ad
1718 2314 2002 2369 naturam
2048 2324 2259 2368 rerum
2305 2305 2504 2367 sensi-

294 2403 543 2483 bilium,
600 2405 866 2472 difficile
924 2413 1048 2474 erit
1102 2408 1331 2474 dicere.
1424 2406 1930 2474 Mathematicam
1978 2418 2151 2472 certe
2194 2415 2501 2488 naturam,

295 2531 459 2595 quae
503 2531 656 2574 vere
699 2512 826 2575 hoc
869 2516 1130 2580 nomine
1173 2513 1433 2591 dicatur,
1476 2533 1613 2576 non
1652 2512 1893 2577 habent
1925 2533 2046 2577 nec
2074 2522 2347 2598 possunt
2375 2514 2499 2582 nisi

294 2634 413 2698 per
466 2617 604 2676 vim'
650 2625 713 2678 et
769 2616 1012 2680 arbitrii
1063 2615 1374 2702 quandam
1419 2615 1748 2682 libidinem
1791 2615 2274 2680 mathemathica
2318 2615 2500 2681 theo·

293 2726 531 2786 renata
590 2716 668 2781 ad
730 2740 801 2781 ea
859 2719 1105 2786 referri.
1201 2720 1591 2797 (ὶέὶθλδίας
1644 2713 1830 2795 τινὰς·
1886 2714 2112 2798 δόξας,
2170 2718 2253 2784 cf.
2309 2721 2398 2784 M
2433 2722 2495 2794 6,

297 2821 498 2886 10805
522 2823 635 2886 282
682 2816 766 2885 τὰ
798 2818 1263 2905 μαθηματικά,
1308 2819 1390 2886 οὐ
1422 2823 1913 2907 μαθηματικῶς
1949 2824 2036 2887 δέ.
2072 2859 2153 2874 --
2193 2824 2324 2889 ⁶30
2365 2845 2497 2907 μω·

291 2933 640 3011 κροποιεῒν,
686 2925 763 2988 cf.
806 2921 1115 3008 μηκύνειν
1160 2927 1250 2990 Μ
1267 2928 1329 2991 8.
1364 2926 1569 2991 10831»
1592 2928 1654 2991 6.
1693 2963 1782 2978 —-
1824 2927 2160 3015 συνείρειν,
2206 2927 2284 2992 cf.
2328 2926 2403 2991 Α
2432 2929 2493 2993 5.

292 3030 457 3095 986α
482 3032 584 3110 7.)
633 3067 714 3079 -
760 3030 946 3094 Hanc
988 3032 1379 3109 sententiam,
1426 3051 1500 3094 ex
1534 3053 1668 3116 qua
1711 3052 1919 3095 rerum
1962 3035 2493 3119 geometr-icarum

287 3151 526 3220 genera
586 3133 667 3198 ad
713 3145 987 3218 quatuor
1030 3135 1270 3220 primos
1314 3155 1616 3199 numeros
1661 3134 1901 3199 ideales
1946 3134 2329 3223 rediguntur
2370 3135 2491 3219 (cf.

291 3234 562 3299 Brandis
598 3234 859 3300 deslibr.
897 3235 1074 3322 perd.
1110 3260 1174 3323 p.
1207 3239 1311 3303 43.
1345 3239 1485 3315 48),
1528 3239 1729 3323 ipsius
1760 3237 2046 3303 Platonis
2093 3260 2233 3304 esse
2277 3237 2494 3304 admo·
2592 3303 2605 3310 ,

294 3338 442 3404 dum
496 3339 915 3424 probabiliter
972 3338 1240 3428 colligas
1290 3364 1361 3407 ex
1407 3345 1484 3406 iis
1531 3364 1692 3428 quae
1735 3342 2039 3429 leguntur
2081 3340 2164 3407 de
2208 3363 2309 3407 an.
2352 3343 2383 3407 1
2427 3344 2489 3406 2.

294 3444 452 3508 40412
479 3445 790 3518 15--27;
837 3443 988 3508 inde
1032 3444 1332 3509 adhibitis
1377 3444 1514 3510 aliis
1554 3445 1720 3511 -locis
1753 3444 2192 3525 Aristotelicis,
2237 3448 2341 3533 qui
2372 3468 2491 3533 per

291 3565 361 3611 se
417 3549 540 3632 ipsi
600 3546 790 3611 dubii:
831 3558 984 3612 sunt
1042 3558 1106 3612 et
1148 3549 1403 3634 Syn-iani
1449 3554 1825 3615 auctoritate
1866 3550 1988 3628 (cf.
2028 3549 2262 3615 Brand.
2309 3550 2350 3615 l.
2384 3549 2488 3628 l.),
2562 3583 2571 3592 ·

290 3653 410 3738 ipsi
453 3649 707 3715 Platoni
755 3651 889 3714 eam
934 3652 1221 3717 tribuunt
1259 3653 1530 3719 Brandis
1570 3653 1803 3720 Geseh.
1841 3654 1901 3718 11
1946 3657 2004 3719 1.
2044 3676 2107 3740 p.
2138 3656 2290 3720 313.
2346 3653 2489 3718 Zel-

290 3754 388 3819 ler
431 3755 543 3818 Pb.
591 3753 651 3818 d.
698 3753 810 3820 Gn
855 3755 934 3819 11.
983 3779 1043 3841 p.
1076 3759 1224 3823 243.
1314 3760 1502 3823 Hunc
1545 3768 1753 3822 autem
1799 3759 1853 3821 si
1896 3760 2219 3844 sequimur
2257 3756 2487 3838 locum,

295 3860 399 3923 Ar.
454 3859 587 3924 non
642 3859 1236 3944 ipsum'·Platonem
1291 3862 1477 3927 huius
1536 3862 1688 3926 facit
1739 3863 2093 3926 sententiae
2147 3872 2487 3941 auctorem,

293 3966 589 4048 quoniam
634 3967 772 4027 eins
813 3960 1169 4030 doctrinam
1214 3965 1450 4034 deinde
1491 3965 1833 4030 manifesto
1889 3966 2223 4055 distinguit
2264 3978 2331 4033 et
2373 3989 2488 4053 op-

293 4069 478 4153 ponit
516 4067 628 4130 his.
657 4066 909 4153 placitis
935 4072 1060 4148 ,(οὶ
1101 4071 1171 4135 δὲ
1215 4072 1463 4157 πρῶτοι
1504 4072 1639 4135 κτλ.
1683 4073 1884 4152 ⁶32),
1941 4069 2057 4137 sed
2105 4091 2220 4137 eos
2267 4094 2302 4137 e
2345 4071 2487 4136 Pla-

294 4172 553 4248 tunicis,
612 4173 724 4256 qui·
770 4168 956 4236 ideas·
1008 4184 1073 4236 et
1125 4194 1227 4237 res
1284 4174 1752 4242 mathematicas
1802 4173 2166 4240 coalescere
2206 4178 2373 4241 inter
2415 4195 2486 4239 se

294 4272 630 4338 voluerant
657 4271 1247 4361 (προσγλιχόμεναι
1276 4286 1422 4353 ταῖς
1462 4279 1664 4355 ἴὸέαις
1697 4271 1783 4343 τὰ
1820 4273 2266 4364 μαθηματικά
2298 4281 2425 4343 1131
2442 4283 2484 4356 )‚

295 4376 372 4442 cf.
431 4376 518 4443 de
557 4397 704 4442 voc.
744 4379 1274 4468 προσγλίχοσθαι
1307 4380 1409 4446 ad
1454 4382 1527 4452 Α
1566 4386 1629 4449 5.
1674 4384 1844 4449 9861·
1879 4384 1992 4465 7),
2046 4383 2125 4448 cf.
2172 4382 2252 4447 ad
2299 4383 2386 4448 M
2420 4385 2479 4448 6.
