3043 4973
1181 234 1263 303 K
1302 231 1371 304 3.
1454 228 1635 305 1061
1657 254 1725 304 a.
1945 248 1950 253 “
2217 268 2222 291 ι
2406 228 2552 304 457

355 429 519 496 quae
553 406 688 473 illic
722 405 894 486 dicit,
933 409 1142 474 10046
1167 409 1427 487 9-31,
1475 429 1552 473 ea
1590 418 1655 474 et
1686 409 1887 496 magis
1928 405 2012 472 ad
2048 428 2180 472 rem
2216 408 2554 493 pertinent,

357 522 424 578 et
458 512 686 578 clarius
722 522 870 577 sunt
904 515 1206 599 exposita,
1252 534 1436 597 quam
1481 533 1644 597 quae
1687 513 1791 576 hic
1825 510 1908 574 de
1943 510 2251 599 singulari
2286 509 2554 595 quadam

356 618 789 704 oppositionis
832 619 1083 681 ratione
1129 620 1306 702 quasi
1340 619 1408 681 in
1443 618 1711 681 transitu
1745 623 1978 703 monet,
2028 616 2233 679 10616
2259 615 2553 678 19-27.

359 720 502 786 Alia
545 719 681 786 illic
725 718 957 797 addita,
999 719 1104 784 hic
1145 719 1339 807 plane
1384 722 1616 785 omissa
1653 728 1817 797 sunt,
1857 717 2059 784 veluti
2094 715 2177 782 de
2214 715 2555 783 dividenda

356 827 426 890 iu
482 823 765 913 singulas
823 823 1186 910 disciplinas
1242 822 1652 911 philosophia
1704 821 2050 888 secundum
2097 820 2346 885 diversa
2394 823 2555 886 entis

359 907 614 1016 genera,
660 927 870 992 10046
899 928 941 991 3
984 949 1119 1013 sqq.
1210 927 1394 1009 (Alia
1439 937 1768 1013 praeterea
1813 930 2139 1011 utriusque
2184 923 2558 1012 disputatio-

358 1035 460 1097 nis
506 1030 861 1096 discrimina
905 1041 1196 1097 accurate
1236 1033 1641 1118 persequitur
1668 1030 1938 1095 Brandis
1969 1029 2077 1095 1.l.
2106 1053 2171 1118 p.
2196 1032 2300 1107 69,
2346 1051 2557 1115 quam-

361 1157 545 1222 quam
602 1137 655 1198 is
713 1134 1063 1200 levioribus
1127 1134 1498 1220 quibusdam
1566 1134 1760 1199 rebus
1825 1136 2083 1199 nimium
2140 1132 2393 1200 videtur
2449 1136 2558 1199 tri-

361 1238 616 1320 buere.)
691 1238 825 1304 Sed
868 1242 1129 1306 omnino
1178 1238 1397 1304 eadem
1443 1238 1580 1303 fere
1624 1241 2115 1303 ratiocinatione
2161 1257 2313 1302 usus
2354 1248 2418 1301 et
2454 1237 2559 1301 hic

363 1352 429 1408 et
471 1342 605 1407 illic
647 1341 804 1407 duas
849 1343 1043 1408 solvit
1084 1339 1384 1430 ἀπορίας,
1430 1364 1585 1429 quas
1626 1346 1829 1429 primo
1868 1353 1933 1408 et
1966 1350 2194 1428 quarto
2229 1340 2379 1405 loco
2412 1362 2558 1427 pro-

360 1455 684 1533 posuerat,
730 1448 939 1512 10596
963 1448 1266 1525 20-23,
1309 1448 1625 1522 29-34;
1671 1448 1963 1511 nimirum
2002 1455 2328 1530 utramque
2363 1442 2560 1511 solvit

362 1549 849 1629 dubitationem,
894 1554 1172 1638 priorem
1220 1551 1421 1616 106οὁ
1445 1552 1860 1616 31--10616
1882 1550 1997 1629 28,
2042 1548 2298 1613 alteram
2346 1551 2557 1614 10616

361 1655 705 1733 28—b11,
751 1676 1124 1741 quamquam
1160 1653 1277 1719 sub
1314 1654 1508 1719 finem
1542 1653 2006 1741 disputationis,
2046 1654 2248 1718 loolb
2275 1654 2376 1732 15,
2416 1655 2558 1740 ipse

360 1761 637 1846 priorem
685 1767 925 1824 tantum
969 1779 1041 1823 se
1085 1757 1354 1824 solvisse
1399 1757 1757 1845 profitetur.

498 1863 701 1927 10600
730 1863 816 1927 33
862 1866 915 1928 εὶ
959 1863 1078 1946 μὲν
1120 1852 1259 1928 οὖν.
1324 1863 1430 1927 De
1475 1861 1751 1947 apodosi
1786 1883 1824 1925 a
1863 1869 2024 1947 part.
2061 1848 2180 1927 οὖν
2217 1880 2439 1925 exorsa
2477 1860 2558 1928 cf.

365 1963 448 2030 ad
495 1966 564 2029 A
600 1967 661 2031 3.
702 1967 869 2031 9836
900 1967 1004 2032 33.
1052 2001 1138 2015 -
1172 1966 1396 2031 10616
1434 1969 1519 2033 15
1566 1968 1859 2031 ἔστωσαν
1901 1958 2029 2050 γὰρ
2074 1953 2271 2029 αὗται
2310 1966 2561 2030 τεθεω-

363 2072 657 2154 ρημέναι,
702 2069 780 2134 cf.
825 2068 908 2135 ad
945 2071 1012 2135 Γ
1041 2071 1102 2136 4.
1143 2073 1352 2135 10046
1376 2072 1439 2135 2.
1480 2107 1560 2121 -
1608 2071 1821 2135 10616
1852 2070 1940 2133 20
1983 2068 2200 2132 καίτοι
2239 2064 2301 2152 γ’
2338 2106 2427 2119 —-
2470 2072 2555 2137 27

360 2167 633 2257 ὑπάρξει
666 2169 891 2258 αὐτῷ.··
937 2172 1138 2258 Quod
1178 2172 1333 2240 dicit
1367 2177 1533 2240 ‹1192
1577 2174 1834 2258 λέγεται
1869 2168 1928 2237 δ’
1964 2176 2307 2238 ἕκαστον
2346 2170 2562 2240 αὐτῶν

360 2271 534 2341 κατὰ
570 2281 888 2364 στέρησιν,
920 2299 1000 2342 eo
1033 2276 1246 2342 studet
1275 2278 1668 2353 confirmare,
1707 2287 1777 2341 ut
1806 2275 2215 2354 demonstret,
2250 2298 2328 2341 ea
2357 2280 2561 2358 etiam,

362 2402 526 2466 quae
570 2380 906 2447 videantur
950 2381 1032 2446 ab
1076 2382 1196 2446 hac
1235 2381 1382 2470 lege
1425 2381 1744 2460 recedere,
1790 2380 1871 2445 ad
1911 2402 2047 2445 eam
2086 2379 2310 2446 referri
2346 2403 2559 2469 posse.

360 2484 674 2551 Nimirum
718 2498 867 2551 sunt
910 2486 1218 2573 quaedam
1261 2490 1610 2565 contraria,
1651 2490 1819 2550 inter
1861 2503 2026 2571 quae
2066 2483 2338 2552 medium
2386 2489 2564 2573 quid-

362 2592 528 2676 piam
573 2589 935 2667 intercedit,
989 2590 1192 2657 veluti
1237 2593 1558 2656 contraria
1601 2593 1768 2655 inter
1811 2610 1882 2654 se
1926 2598 2075 2654 sunt
2117 2586 2155 2654 ὁ
2202 2591 2454 2668 δίκαιος
2496 2600 2563 2657 et

366 2688 404 2758 ὁ
452 2686 705 2770 ἄδικος,
762 2692 1036 2758 medium
1093 2697 1260 2764 inter
1305 2704 1639 2780 utrumque
1685 2691 1896 2757 locum
1937 2691 2133 2758 habet
2176 2688 2213 2757 ὁ
2257 2689 2418 2777 μήτε
2462 2696 2563 2760 δί-

363 2818 551 2873 καιος
590 2792 753 2881 μήτε
799 2788 1041 2874 ἄδικος.
1116 2798 1202 2862 Et
1248 2794 1285 2862 ὁ
1331 2792 1559 2873 ἄδικος
1601 2793 1852 2882 quidem
1897 2797 2234 2862 manifesto
2283 2808 2381 2864 est
2417 2802 2563 2864 στέ-

364 2920 553 2986 ρησις
597 2902 715 2965 τοῦ
758 2900 1030 2979 δικαίου,
1080 2911 1147 2967 at
1190 2900 1301 2966 ill'e
1343 2900 1592 2966 medius
1638 2903 1776 2966 iure
1823 2900 2075 2967 dubites
2118 2922 2268 2967 num
2314 2913 2381 2968 et
2420 2905 2562 2991 ipse

365 3004 611 3069 dicatur
640 2998 813 3069 κατὰ
846 3007 1149 3089 στέρησιν
1182 3006 1335 3070 621.
1401 3005 1532 3071 Sed
1564 3005 1747 3072 huius
1779 3008 1968 3071 etiam
1994 3008 2062 3070 in
2090 3008 2359 3072 notione
2389 3009 2565 3073 cerni

361 3099 788 3196 privationem
832 3119 1124 3196 apparet,
1180 3108 1376 3175 modo
1429 3132 1514 3174 ne
1560 3131 1698 3175 eam
1742 3109 1944 3174 solam
1989 3109 2217 3175 dixeris
2260 3114 2565 3196 privatio-

362 3233 537 3290 nem,
585 3233 711 3297 qua
753 3207 1048 3278 universa
1090 3216 1273 3278 notio
1318 3222 1624 3300 negatur,
1668 3211 1783 3277 sed
1830 3216 2015 3277 etiam
2061 3234 2225 3291 eam,
2272 3235 2392 3299 qua
2437 3236 2564 3279 una

363 3315 475 3380 vel
518 3315 713 3380 altera
758 3327 914 3380 nota
958 3314 1260 3403 specifica
1306 3319 1591 3381 notionis
1637 3315 1912 3395 tollitur,
1965 3317 2265 3401 στέρησιν
2307 3311 2401 3403 μὴ
2445 3319 2566 3385 τοῦ

367 3413 528 3485 ὅλου
570 3415 786 3503 λόγου,
829 3421 950 3486 τοῦ
991 3420 1365 3485 τελευταίου
1409 3420 1478 3485 δὲ
1525 3420 1751 3499 εἴδους,
1791 3422 1945 3486 623.
2017 3421 2221 3509 Igitur
2264 3416 2302 3486 ὁ
2339 3413 2566 3500 ἄδικος
2650 3443 2670 3468 ⁴

367 3533 467 3588 est
512 3527 809 3610 στέρησις
852 3525 1067 3590 τελεία
1111 3526 1232 3589 τοῦ
1288 3524 1576 3603 δικαίου,
1632 3523 1876 3589 medius
1919 3546 2078 3591 vero
2121 3523 2261 3613 ille,
2317 3522 2355 3591 ὁ
2400 3520 2565 3610 μήτε

366 3628 618 3705 δίκαιος
672 3625 835 3715 μήτε
895 3621 1120 3703 ἔδικος
1177 3627 1458 3693 eiusdem
1507 3631 1791 3713 notionis
1837 3631 2134 3715 στέρησις
2176 3625 2409 3710 ἀτελής
2453 3639 2567 3709 est,

365 3732 481 3796 sed
526 3731 608 3796 ad
653 3736 955 3818 στέρησιν
998 3742 1266 3818 utraque
1310 3736 1494 3799 notio
1540 3733 1831 3798 refertur.
1881 3770 1962 3784 —
2021 3734 2167 3798 Hoc
2221 3732 2357 3797 fere
2413 3738 2567 3819 quin

364 3835 645 3902 voluerit
687 3837 798 3901 Ar.
846 3836 1088 3915 dicere,
1146 3858 1281 3902 non
1328 3849 1425 3902 est
1468 3836 1758 3916 dubium,
1810 3836 1925 3903 sed
1970 3859 2189 3924 parum
2235 3847 2383 3923 apte
2424 3839 2567 3924 ipse

366 3937 541 4005 dixit.
621 3942 872 4006 Etenim
918 3943 1279 4007 enunciatio
1324 3961 1459 4007 non
1500 3952 1720 4027 potest
1761 3941 1946 4007 aliter
1988 3941 2390 4019 conformari,
2439 3945 2564 4007 nisi

367 4053 440 4107 ut
494 4044 811 4131 apodosin
870 4046 1192 4112 ordiamur
1247 4067 1285 4109 a
1339 4068 1443 4110 vr.
1500 4047 1651 4133 περὶ
1704 4041 1923 4111 πάντα
1974 4040 2056 4126 δή
2100 4047 2232 4111 κτλ.
2275 4047 2442 4122 622;
2501 4056 2567 4111 at

367 4146 526 4211 haec
570 4149 876 4235 apodosis
919 4149 1097 4215 nulla
1139 4152 1389 4217 ratione
1433 4148 1737 4214 cohaeret
1777 4172 1918 4215 cum
1963 4153 2208 4237 protasi
2246 4152 2382 4216 618
2427 4152 2565 4215 ἐπεὶ

370 4245 429 4312 δ’
469 4253 608 4316 ἐστὶ
654 4289 733 4303 -·
779 4255 870 4319 20
913 4256 1246 4342 στέρησιν,
1301 4253 1417 4319 sed
1465 4257 1654 4319 unice
1697 4255 1971 4321 refertur
2015 4254 2098 4322 ad
2142 4277 2279 4321 eam
2324 4253 2566 4319 dubita-

368 4355 629 4435 tionem,
673 4377 838 4441 quae
883 4356 1116 4424 deinde
1152 4361 1462 4426 succurrit
1502 4361 1827 4447 scriptori:
1871 4361 2086 4426 καίτοι
2128 4356 2190 4444 γ’
2228 4359 2368 4425 ἔνια
2410 4358 2565 4454 act-L,
