3043 4973
525 228 665 304 146
1369 227 1442 300 Β
1486 222 1566 298 2.
1637 221 1865 298 sem

523 403 650 470 illis
695 406 806 481 (ἐκ
852 396 1137 480 τούτων)
1199 400 1546 484 eademque
1605 397 1683 462 ab
1732 396 1860 461 illis
1905 396 2184 474 diversa,
2240 407 2305 462 at
2350 413 2494 464 una·
2522 406 2728 462 tamen

527 517 639 578 est,
689 541 768 556 —-
828 504 929 570 Ab
976 504 1323 570 Alexandri
1382 503 1806 588 explicatione
1858 502 1977 566 hac
2033 522 2158 566 una
2216 503 2284 564 in
2335 521 2407 566 re
2452 499 2730 577 discessi,

523 608 696 696 quod
743 607 851 678 ille
895 610 1088 674 verba
1133 605 1202 685 ἐξ
1246 599 1336 674 ὧν
1383 616 1678 676 contorta
1725 603 1993 690 quadam
2033 606 2284 670 ratione
2321 603 2405 670 ad
2445 601 2732 670 acciden-

400 727 409 732 “
523 717 615 780 tia
670 713 905 788 refe-rt;‚
953 712 1068 778 sed
1125 710 1544 797 intelligenda
1605 731 1744 778 esse
1801 712 2109 776 axiomata
2169 708 2564 774 manifestum
2613 710 2733 772 erit

527 816 884 884 conferenti
927 813 1252 898 quomodo
1284 814 1405 880 sibi
1446 813 1884 897 respondeant
1933 811 2181 899 singula
2228 810 2505 876 membra
2537 829 2733 875 enun-

527 923 871 990 ciationum
916 915 1088 1000 εἴπερ
1137 954 1217 968 --
1266 914 1504 996 δοξῶν,
1565 916 1801 984 deinde
1843 918 1993 1001 περὶ
2040 905 2157 980 οὖν
2206 950 2286 966 ·-
2336 911 2576 990 δοξῶν,
2627 912 2734 976 de·

526 1025 719 1107 nique
776 1022 924 1105 περί
983 1043 1047 1084 τε
1109 1057 1193 1070 —-
1250 1014 1501 1084 τούτων
1553 1021 1705 1102 μία,
1764 1023 1854 1086 ita
1912 1020 2165 1105 quidem
2218 1026 2289 1082 ut
2343 1020 2411 1084 in
2461 1015 2732 1102 singulis

530 1124 1081 1194 enunciatiouibus
1150 1131 1598 1190 enumerentur
1652 1145 1887 1209 genus,
1951 1127 2290 1197 axiomata,
2358 1118 2732 1186 accidentia.

529 1227 972 1314 Schweglerus
1008 1225 1180 1311 quod
1219 1235 1401 1311 putat
1440 1236 1774 1290 extremam
1816 1226 2263 1311 disputationis
2302 1233 2560 1308 partem,
2598 1223 2724 1285 ‹121

529 1335 678 1419 περὶ
723 1321 840 1395 οὖν
889 1368 969 1379 -
1016 1331 1102 1394 25
1148 1333 1299 1412 μία,
1351 1329 1690 1394 manifesto
1736 1330 1818 1393 ab
1864 1331 1981 1393 hac
2023 1330 2398 1415 quaestione
2445 1326 2731 1403 alienam,

530 1438 848 1522 pertinere
896 1432 977 1498 ad
1025 1454 1159 1496 eam
1207 1453 1371 1517 quae
1413 1437 1697 1516 proxime
1739 1437 2029 1522 sequitur
2075 1442 2138 1498 et
2181 1429 2547 1518 ponendam
2591 1451 2734 1492 esse

531 1549 682 1625 post
719 1538 857 1604 1134
901 1532 1355 1618 παγχάλεπον,
1409 1539 1578 1620 ipsa,
1637 1559 1821 1622 quam
1874 1537 2150 1614 exhibui,
2211 1535 2737 1619 interpretatione

531 1646 682 1714 satis
727 1640 1063 1708 refutatum
1110 1639 1400 1705 arbitror.

665 1743 952 1810 Solvitur
994 1744 1153 1807 haec
1196 1746 1484 1828 quaestio
1528 1742 1822 1812 distincta
1860 1746 2059 1829 prima
2098 1741 2506 1828 philosophia
2540 1763 2576 1806 a
2615 1743 2740 1806 siff

532 1848 700 1938 gulis
745 1846 1193 1934 philosophiae
1241 1846 1590 1932 disciplinis
1635 1847 1704 1912 E
1738 1849 1794 1910 1.

1029 1999 1344 2114 Quaesisti
1391 2049 1645 2124 quarta.
1735 2040 1903 2103 997a
1941 2038 2248 2102 25—34.

666 2156 865 2246 Quod
912 2166 1095 2220 antea
1143 2159 1210 2220 in
1253 2156 1464 2224 medio
1514 2157 1876 2241 reliquerat,
1917 2156 2303 2226 substantiae
2350 2163 2413 2218 et
2449 2153 2741 2220 acciden-

535 2266 688 2327 tium
734 2262 1063 2339 (nimirum
1108 2262 1237 2324 τῶν
1282 2258 1447 2324 καθ’
1488 2254 1652 2328 αὐτὸ
1698 2256 2234 2344 συμβεβηκότων,
2283 2259 2361 2323 cf.
2403 2257 2490 2322 ad
2533 2258 2588 2322 A
2630 2259 2739 2322 30.

536 2366 747 2434 1025a
783 2365 910 2441 3⁰)
971 2373 1172 2430 utrum
1233 2363 1453 2432 eadem
1509 2368 1593 2430 sit
1646 2367 1916 2430 scientia
1958 2385 2044 2430 au
2085 2363 2361 2440 diversa,
2419 2361 2487 2428 id
2530 2364 2742 2446 ipsum

533 2472 655 2537 iam
701 2470 769 2533 in
815 2466 1278 2535 dubitationem
1323 2478 1540 2545 vocat,
1599 2478 1665 2535 et
1721 2491 2022 2553 quorsum
2073 2477 2318 2553 spectet
2359 2464 2743 2537 haecdubi-

534 2575 693 2639 tatio
741 2570 1028 2655 exemplo
1074 2575 1466 2658 geometriae
1511 2570 1802 2639 illustrat,
1870 2572 2114 2638 Eadem
2157 2573 2211 2634 si
2257 2568 2400 2635 esse
2444 2579 2744 2656 ponetur,

535 2678 832 2762 quoniam
878 2674 1228 2738 accidentia
1276 2674 1775 2745 demonstrando
1822 2685 2327 2765 cognoscuntur,
2377 2673 2548 2741 effici
2587 2673 2741 2741 inde

534 2779 788 2847 videtur
817 2789 889 2842 ut
918 2777 1478 2854 demonstratione,
1509 2776 1858 2857 ἀποδείξει,
1886 2778 2341 2863 comprobetur
2370 2779 2557 2843 etiam
2589 2776 2744 2861 quid

536 2884 618 2947 sit
661 2902 763 2943 res
807 2884 970 2964 (qua
1016 2885 1081 2947 in
1133 2883 1623 2947 ratiocinatione
1667 2892 1834 2949 tecte
1878 2883 2005 2947 hoe
2048 2883 2262 2958 sumit,
2315 2885 2641 2949 seientiam
2685 2883 2742 2947 si

538 2983 751 3067 aliqua
787 2986 852 3049 in
888 2993 1068 3067 parte
1106 2983 1663 3053 demonstrativam
1701 2985 1933 3053 habeat
1966 2994 2278 3062 naturam,
2317 2984 2599 3053 eiusdem
2633 3004 2744 3051 na-

537 3098 716 3155 turae
763 3086 1056 3153 omnibus
1102 3090 1168 3151 in
1213 3087 1501 3172 partibus
1548 3088 1758 3167 fore);
1806 3100 1871 3157 at
1915 3088 2068 3173 quid
2112 3091 2193 3157 sit
2236 3109 2338 3155 res
2374 3106 2510 3157 non
2547 3108 2748 3172 posse,

537 3189 1035 3257 demonstrando
1082 3200 1148 3263 et
1191 3190 1640 3259 concludendo
1686 3195 1997 3279 cognosci
2041 3203 2108 3257 et
2152 3191 2307 3256 alibi
2352 3189 2746 3259 demonstra-

535 3297 629 3359 vit
672 3295 831 3373 (An.
864 3295 1192 3379 post-113
1223 3298 1399 3379 sqq.)
1446 3306 1509 3361 et
1543 3296 1661 3372 hic,
1709 3295 1822 3363 ubi
1866 3295 2198 3363 dialectice
2246 3295 2541 3378 disputat,
2587 3306 2742 3362 tam-

537 3418 723 3481 quam
750 3397 1079 3485 vulgatum
1094 3398 1428 3471 ,homiuum
1462 3401 1772 3482 opinione
1803 3399 2018 3479 (δοκεῖ
2040 3400 2445 3484 a31)„ponit.
2499 3399 2614 3465 Sin
2644 3421 2744 3463 se·-

536 3501 812 3571 iunctam
858 3502 1151 3585 posueris
1186 3500 1605 3569 accidentium
1643 3505 2072 3587 cognitionem
2113 3525 2148 3565 a
2189 3505 2560 3589 cognitione
2595 3501 2742 3569 suh-

477 3619 483 3627 ·
536 3605 830 3679 stantiae,
886 3601 1107 3669 eadem
1156 3606 1358 3666 oritur
1400 3625 1566 3688 quae
1608 3607 1676 3667 in
1720 3608 1946 3673 ceteris
1994 3605 2338 3681 dubitatio,
2395 3608 2746 3671 cui-seien-

536 3710 662 3777 tiae
704 3704 878 3771 illam
922 3703 1318 3771 tribuendam
1365 3726 1749 3775 censeamus.
1796 3745 1877 3761 --
1935 3710 2111 3775 Haec
2167 3711 2455 3794 quaestio
2508 3708 2744 3776 dirimi„

537 3821 639 3879 tm·
680 3809 747 3872 Γ
778 3810 841 3873 2.
887 3811 1091 3879 lomb
1125 3812 1169 3877 5
1210 3830 1349 3893 sqq.

921 3998 1238 4081 amantio
1284 4002 1532 4087 quinta.
1619 4001 1787 4067 997a
1825 3982 1910 4066 34
1934 3980 2020 4050 '--
2043 4004 2211 4069 sesa
2251 4005 2355 4068 19.

666 4116 894 4185 Utrum
950 4127 1206 4201 praeter
1262 4116 1597 4185 sensibiles
1655 4120 2052 4191 substantias,
2084 4120 2245 4189 aliae
2293 4142 2433 4189 esse
2477 4140 2746 4191 eonsen-

537 4216 661 4287 dae
698 4220 827 4285 sint
868 4239 1089 4299 necne,
1134 4229 1451 4295 etun-um
1481 4243 1675 4289 unum
1713 4223 2202 4293 substantiarum
2242 4244 2447 4317 genus
2485 4236 2746 4310 praeter

535 4319 883 4413 sensibiles,
908 4343 995 4385 an
1030 4323 1230 4408 phua,
1275 4323 1452 4408 quod
1487 4326 1608 4391 iam
1643 4325 1727 4393 ad
1763 4327 2202 4425 quaerendum
2236 4331 2561 4414 proponit,
2601 4350 2746 4397 non
