3043 4973
526 269 715 346 -306
1399 273 1478 342 Ζ
1520 266 1589 344 4.
1673 266 1944 344 102911.

568 440 845 534 θρώπῳ.
934 448 962 527 (
977 447 1144 514 Voc.
1188 442 1358 514 εἶναι
1400 456 1552 512 ante
1595 447 1798 530 λευκῷ
1847 440 2193 532 ἀνθρώπῳ
2249 467 2471 513 omnes
2528 446 2777 535 quidem

568 549 720 616 libri
774 561 838 615 et
893 553 1109 638 scripti
1168 560 1234 617 et
1293 550 1473 618 editi·
1506 552 1832 629 omittunt,
1890 548 2006 616 sed
2064 549 2231 616 adeo
2279 561 2579 618 constans
2622 552 2782 617 haec

567 654 840 724 formula
872 665 969 721 est
998 655 1168 742 apud
1199 653 1629 733 Aristotelem,
1677 664 1741 718 et
1775 657 1985 740 ipsum
2011 654 2273 720 verbum
2309 650 2477 722 εἶναι
2514 655 2597 721 ad
2630 678 2779 722 con-

566 758 907 828 ficiendam
967 761 1102 826 eius
1160 757 1474 824 formulae
1530 761 1658 823 vim
1707 770 1831 834 tam
1877 762 2240 824 necessario
2284 762 2656 845 requiritur,
2707 770 2783 824 ut

570 862 854 930 additum
898 862 1094 929 fuisse
1140 886 1176 928 a
1222 865 1536 948 scriptore
1594 883 1965 948 persuasum
2023 863 2349 942 habeam.)
2438 863 2587 949 Qua
2646 867 2782 949 qui-

568 967 713 1034 dem
757 967 825 1034 in
872 971 1246 1053 quaestione
1290 988 1375 1033 ne
1420 968 1562 1053 quis
1608 966 1869 1031 obiiciat
1911 969 1979 1031 in
2021 989 2206 1032 unam
2243 970 2573 1033 notionem
2610 979 2676 1032 et
2712 971 2782 1033 in

566 1092 760 1138 unum
806 1070 1188 1138 vocabulum
1234 1070 1554 1137 coaluisse
1600 1081 1900 1157 oportere
1946 1070 2047 1148 id,
2102 1074 2279 1137 cuius
2328 1092 2467 1138 esse
2514 1074 2779 1136 omnino

565 1173 833 1241 velimus
878 1175 944 1240 τί
987 1163 1072 1254 ἦν
1116 1170 1300 1253 εἶναι,
1347 1177 1533 1261 ponit
1575 1170 1806 1240 λευκὸν
1849 1168 2219 1264 ἄνθρωπον
2262 1196 2397 1242 uno
2434 1174 2780 1252 vocabulo,

567 1280 1003 1346 commentitio
1036 1299 1118 1343 eo
1150 1278 1422 1364 quidem,
1467 1277 1778 1355 denotari,
1824 1280 1985 1344 ἔστω
2032 1272 2119 1357 δὴ
2157 1272 2373 1363 ὄνομα
2411 1276 2591 1361 αὐτῷ
2622 1275 2784 1364 ipo}-

566 1403 734 1460 τιον,
776 1378 1305 1468 quemadmodum
1355 1382 1608 1470 vulgari
1653 1405 1775 1449 usu
1815 1403 2027 1449 nasus·
2054 1383 2350 1461 obtusuS,
2394 1387 2592 1470 igitur
2634 1383 2786 1447 sub—

567 1488 799 1550 stantia
845 1507 986 1549 cum
1031 1484 1385 1565 accidente,
1444 1507 1577 1551 uno
1623 1486 1944 1552 vocabulo
1992 1488 2112 1551 τοῦ
2158 1488 2356 1571 σιμοῦ
2399 1486 2783 1574 appellatur.

563 1589 789 1676 Itaque
826 1591 950 1656 iam
981 1593 1325 1675 quaeritur:
1370 1591 1436 1656 τί
1481 1595 1620 1657 ἐστι
1661 1584 1739 1655 τὸ
1784 1593 2024 1677 ἱματίῳ
2069 1587 2269 1672 elram
2314 1591 2445 1658 Sed
2478 1595 2813 1678 quoniam,

568 1704 754 1762 antea
816 1713 956 1760 esse
1015 1692 1171 1759 dixit
1224 1688 1305 1760 τὸ
1366 1696 1431 1760 τέ
1481 1685 1567 1774 ἦν
1611 1688 1779 1760 εἶναι
1822 1689 2074 1776 ἑκάστῳ
2119 1686 2158 1757 ὃ
2205 1694 2536 1777 λέγεται
2579 1692 2801 1761 καθ·”

565 1793 800 1875 αὑτό,
854 1799 997 1886 ipse
1049 1797 1173 1862 sihi
1228 1798 1355 1862 hoc
1410 1797 1662 1864 obiicit:
1721 1808 1786 1861 at
1836 1819 1971 1864 non
2017 1818 2157 1862 esse
2203 1798 2522 1864 hominem
2568 1800 2785 1865 album

564 1903 734 1968 inter
778 1922 882 1979 ea,
937 1922 1103 1986 quae
1157 1919 1278 1986 per
1332 1922 1403 1966 se
1460 1901 1778 1979 dicantur,
1835 1895 2007 1967 ἀλλὰ
2051 1895 2186 1985 μὴν
2231 1900 2381 1968 οὐδὲ
2426 1906 2557 1970 τῶν
2599 1901 2777 1969 καθ’

564 1998 734 2072 αὑτὸ
774 2005 1142 2090 λεγομένων
1186 2002 1336 2070 οὐδὲ
1381 2006 1609 2084 τοῦτο,
1663 2005 1944 2091 ideoque
1999 2026 2086 2070 ne
2144 2010 2361 2092 quaeri
2407 2006 2659 2092 quidem
2707 2007 2788 2071 li-

566 2129 730 2186 cere,
774 2130 924 2172 num
970 2110 1053 2172 sit
1098 2112 1231 2176 eius
1279 2109 1541 2194 aliquod
1585 2111 1652 2173 τί
1694 2098 1780 2188 ἦν
1824 2103 2008 2174 εἶναι.
2085 2110 2187 2176 Ad
2232 2112 2394 2175 hanc
2440 2110 2787 2176 dubitatio-

563 2232 711 2278 nem
750 2211 1104 2297 respondet
1142 2216 1523 2298 (usurpatur
1567 2215 1732 2278 enim
1772 2224 1932 2298 part.
1963 2207 2009 2292 ἥ
2049 2212 2128 2280 ad
2166 2213 2554 2281 afferendam
2602 2216 2788 2283 obie-

561 2317 860 2393 ‘cfionetm
899 2338 1080 2401 quam
1112 2308 1386 2402 scriptor
1413 2319 1554 2401 ipse
1585 2315 1709 2382 sibi
1739 2317 1904 2392 facit,
1943 2317 2020 2382 cf.
2055 2320 2224 2405 Top.
2255 2320 2350 2382 lv
2383 2320 2442 2383 4.
2477 2321 2644 2386 125α
2669 2322 2779 2385 23.

563 2419 662 2489 Vl
690 2420 754 2486 3.
786 2420 946 2486 140b
972 2420 1033 2498 4,
1064 2421 1165 2498 12,
1194 2421 1299 2485 31.
1357 2422 1418 2484 6.
1453 2419 1620 2483 144a
1647 2422 1748 2500 11,
1773 2422 1920 2500 ⁶2⁰,
1949 2422 2060 2489 34.
2091 2422 2213 2503 al.)
2263 2422 2576 2490 disiunctis
2610 2424 2782 2491 duo-

561 2523 686 2593 bus
731 2522 969 2603 modis,
1012 2523 1240 2611 quibus
1284 2523 1520 2609 aliquid
1568 2545 1699 2589 non
1746 2546 1863 2611 per
1906 2547 1977 2591 se
2021 2529 2230 2612 possit
2274 2527 2428 2606 dici,
2483 2522 2532 2609 ἢ
2573 2525 2650 2595 τὸ
2698 2526 2786 2595 οὐ

560 2625 730 2695 καθ’
771 2621 938 2695 αὐτὸ
979 2629 1234 2712 λέγεται
1278 2629 1498 2714 διχῶς,
1557 2649 1824 2715 quorum
1883 2631 2171 2696 nimirum
2230 2631 2312 2696 ad
2369 2643 2659 2699 neutrum
2706 2633 2782 2699 id

560 2733 855 2801 videatur
909 2735 1266 2818 pertinere,
1319 2732 1400 2797 de
1459 2754 1587 2818 quo
1647 2755 1818 2799 nunc
1863 2736 2090 2821 agitur.
2182 2735 2516 2823 Significat
2565 2747 2781 2803 autem

562 2836 730 2903 duos
786 2839 944 2905 istos
1001 2835 1233 2901 modos
1290 2836 1391 2901 his
1443 2836 1685 2901 verbis:
1741 2830 1820 2902 τὸ
1877 2839 1998 2921 μὲν
2052 2832 2181 2925 γὰρ
2238 2840 2331 2922 τῷ
2387 2835 2553 2907 αὐτὸ
2597 2836 2780 2926 ἄλλῳ

559 2940 1012 3025 προσκεῖσθαι
1063 2941 1318 3023 λέγεται
1375 2932 1413 3004 ὃ
1474 2936 1787 3025 ὁρίζεται,
1843 2941 1903 3005 h.
1944 2962 1999 3004 e.
2059 2938 2136 3007 τὸ
2183 2944 2305 3026 μὲν
2345 2937 2472 3031 γὰρ
2519 2945 2782 3028 λέγεται

1543 3040 1554 3060 ,
1623 3037 1637 3062 x
1701 3043 1716 3063 2
1787 3040 1800 3063 ‹

561 3139 707 3213 οἷον
741 3147 875 3212 κτλ.
946 3147 1016 3213 Si
1052 3144 1136 3226 id,
1181 3145 1355 3232 quod
1403 3156 1502 3211 est
1547 3146 1998 3227 definiendum,
2042 3150 2250 3234 ipsum
2282 3150 2464 3214 alteri
2495 3156 2591 3215 rei
2622 3162 2777 3216 tam-

557 3273 743 3337 quam
800 3249 1093 3317 accidens
1149 3252 1465 3330 inhaeret,
1524 3250 2049 3338 quemadmodum
2104 3251 2284 3317 albus
2333 3253 2516 3319 color
2557 3255 2775 3320 inhae-

551 3365 657 3420 ret
711 3355 985 3435 homini,
1042 3358 1096 3420 is
1142 3367 1379 3437 autem,
1440 3359 1550 3443 qui
1608 3357 1878 3425 definire
1929 3357 2274 3422 accidentis
2319 3370 2637 3438 naturam,
2692 3353 2771 3425 τὸ

555 3459 760 3541 λευκῷ
805 3453 1002 3537 εἶναι,
1060 3463 1435 3545 susceperit,
1492 3481 1630 3529 non
1673 3461 1968 3529 accidens
2014 3462 2130 3526 sed
2174 3485 2305 3527 rem
2351 3468 2771 3550 compositam

556 3568 624 3626 et
668 3571 1045 3639 concretam,
1091 3560 1212 3628 τὸν
1253 3557 1485 3629 λευκὸν
1524 3560 1910 3650 ἄνθρωπον,
1955 3564 2289 3646 definierit,
2335 3567 2437 3632 hic
2472 3589 2634 3632 unus
2675 3577 2774 3633 est

551 3664 815 3745 moduS‚
870 3686 1001 3753 quo
1062 3665 1215 3753 quid
1266 3687 1402 3731 non
1447 3688 1565 3753 per
1609 3691 1680 3734 se
1725 3669 1988 3733 dicatur.
2077 3663 2154 3735 τὸ
2201 3671 2269 3736 δὲ
2316 3674 2469 3751 (int.
2516 3673 2773 3755 λέγεται

555 3764 637 3835 οὐ
677 3765 845 3834 καθ’
884 3765 1090 3851 αὑτό)
1136 3770 1228 3854 τῷ
1261 3764 1426 3836 ἄλλο
1467 3768 1647 3856 αὐτῷ
1689 3776 1838 3855 (int.
1873 3776 2325 3860 προσκεῖσθαι
2350 3777 2415 3857 ¹)
2438 3779 2485 3860 )‚
2530 3771 2677 3842 οἷον
2715 3780 2770 3840 εὶ

659 3916 728 3988 1)
772 3921 1078 3985 Alexander,
1126 3942 1280 3992 quem
1315 3921 1485 3975 Schw.
1524 3922 1578 3975 in
1611 3923 1814 3994 interpr.
1850 3926 2116 3977 vernacula
2151 3940 2349 3978 secutus
2386 3942 2483 3992 est,
2528 3928 2766 3998 supplen-

550 4006 677 4059 dum
707 4020 854 4078 putat
885 4014 1252 4079 προσκεῖσθαι
1287 4011 1408 4072 δεῖν,
1445 4011 1507 4061 ef.
1533 4030 1585 4080 p.
1617 4025 1732 4072 436,
1759 4025 1850 4065 23τ
1889 4013 1969 4063 δεῖ
2002 4019 2327 4083 προσθεῖναι
2362 4014 2426 4067 τὰ
2459 4017 2564 4066 δεῖν
2597 4032 2767 4084 προσ-

548 4098 786 4157 κεῖσθαι,
825 4088 855 4146 ὃ
894 4090 959 4146 οὗ
995 4092 1321 4166 πρόσκειται,
1360 4096 1447 4148 ἵνα
1479 4087 1519 4170 ᾗ
1554 4096 1620 4149 τὸ
1656 4094 1762 4149 πᾶν
1792 4096 2063 4150 τοιοῦτον·
2098 4099 2163 4150 τὰ
2202 4102 2257 4152 δὲ
2289 4103 2491 4168 λέγεται
2525 4095 2589 4153 οὗ
2625 4095 2763 4152 καθ’

548 4176 685 4232 asad
733 4183 784 4230 b
827 4176 901 4247 τῷ
948 4182 1054 4232 δεῖν
1098 4176 1223 4232 ἄλλο
1270 4189 1635 4251 προσκεῖσθαι
1677 4178 1845 4252 ainai,
1892 4179 1926 4237 3
1974 4179 2038 4236 οὗ
2082 4184 2417 4257 πρόσκειται·
2464 4180 2580 4239 οἷον
2615 4189 2665 4238 εἰ
2697 4186 2762 4237 τὸ

548 4260 760 4337 ἱμάτιον
798 4269 1040 4335 σημαίνει
1072 4265 1166 4319 τὸν
1202 4267 1384 4319 λευκὸν
1422 4263 1738 4338 ἄνθρωπον,
1787 4267 1817 4321 ὁ
1853 4271 1907 4321 δὲ
1945 4267 2243 4340 ὁριζόμενος
2278 4270 2342 4324 τὸ
2389 4270 2598 4341 ἱμάτιον
2632 4274 2764 4339 λέγει

546 4348 632 4404 ὅτι
675 4346 890 4421 ἱμάτιόν
936 4356 1048 4404 ἐστι
1088 4349 1277 4423 χρῶμα
1322 4354 1643 4423 διακριτικὸν
1694 4351 1896 4425 ὅψεως·
1952 4358 2068 4408 δέον
2117 4356 2217 4426 γὰρ
2274 4364 2637 4428 προσκεῖσθαι
2688 4359 2762 4428 τῷ

546 4433 743 4508 ὁρισμῷ
778 4438 879 4490 τοῦ
914 4441 1135 4509 ἱματίου
1171 4440 1262 4491 καὶ
1295 4433 1422 4491 ἄλλο
1458 4459 1528 4503 τι,
1567 4433 1680 4493 οἷον
1716 4440 1780 4494 τὸ
1820 4441 1950 4509 ζῷον
1986 4442 2142 4506 πεζὸν
2180 4446 2384 4507 δίπουν,
2424 4439 2489 4496 οὗ
2515 4443 2761 4514 πρόσκει-

543 4542 653 4585 ται,
688 4519 821 4578 ὥστε
858 4518 923 4578 οὗ
960 4519 1099 4578 καθ’
1128 4523 1264 4579 αὖτὸ
1304 4522 1542 4597 ὁρίσαιτο
1579 4526 1645 4579 τὸ
1685 4523 1914 4598 ἱμάτιον.
1969 4530 2038 4580 At
2073 4530 2170 4582 tale
2206 4530 2616 4593 additamentum,
2654 4532 2758 4583 δεῖν
