3043 4973
2426 258 2518 332 35

305 428 658 496 Ciceronis
703 430 884 496 libris
933 431 1013 496 de
1054 443 1275 497 natura
1314 432 1579 498 deorum
1624 432 1704 495 ad
1743 432 1905 497 hanc
1939 436 2374 519 quaestionem
2413 434 2518 498 de-

305 534 524 613 fertur,
571 538 641 598 in
690 537 1050 599 universum
1092 536 1344 622 quidem
1391 535 1473 600 de
1516 536 1744 601 ordine
1785 560 1864 602 ac
1912 541 2164 603 ratione
2209 536 2516 602 librorum

309 640 889 725 metaphysicorum
923 639 1260 704 Braudisio
1292 640 1546 704 videtur
1576 644 1882 707 assentire
1913 640 1993 721 (l.
2027 640 2067 705 l.
2100 665 2163 728 p.
2193 643 2381 720 271),
2411 663 2520 705 ne-

311 765 430 829 que
469 754 671 807 totam
706 746 1139 828 quaestionem
1179 743 1258 807 de
1291 746 1547 832 integro
1580 748 1998 831 persequitur,
2030 745 2143 809 sed
2174 747 2518 830 praecipue

313 867 439 933 quo
487 858 783 933 tempore
831 859 895 911 et
939 847 1102 911 ordo
1151 857 1216 911 et
1260 847 1480 912 titulus
1527 870 1699 913 nunc
1743 848 2035 936 vulgatus
2080 852 2146 913 in
2191 870 2369 913 usum
2416 869 2519 912 ve-

311 954 446 1014 nire
495 954 787 1037 coeperit
831 953 1123 1037 inquirit,
1177 961 1250 1015 ut
1304 950 1455 1015 inde
1506 950 1928 1040 intelligatur,
1986 972 2112 1037 quo
2158 954 2520 1038 pertineant

310 1058 640 1118 notissima
686 1053 796 1118 illa
844 1066 909 1119 et
952 1054 1214 1120 multum
1262 1054 1610 1139 disceptata
1655 1056 1848 1120 verba
1881 1053 2219 1120 Ciceronis
2265 1054 2347 1119 de
2388 1066 2515 1120 nat.

311 1157 491 1222 deor.
538 1159 568 1222 1
617 1148 728 1236 13,
788 1157 1015 1244 quibus
1061 1156 1470 1225 Aristotelem
1518 1161 1586 1223 in
1630 1162 1818 1223 tertio
1868 1157 1948 1222 de
1995 1157 2398 1245 philosophia
2445 1157 2520 1221 li-

305 1262 427 1326 bro
466 1261 665 1327 multa
697 1262 984 1326 turbasse
1023 1261 1276 1326 iudicat.
1349 1263 1441 1324 Ea
1480 1260 1676 1325 verba
1714 1260 2048 1325 referenda
2085 1283 2223 1325 esse
2259 1261 2519 1326 demon-

305 1375 467 1429 strat
511 1364 594 1428 ad
639 1364 1232 1452 Metaphysicorum
1281 1364 1509 1430 librum
1546 1368 1639 1431 A.
1716 1364 2070 1430 Phaedrum
2118 1375 2341 1443 autem,
2387 1367 2520 1452 phi-

305 1468 651 1557 losophum
696 1470 1105 1554 Epicureum,
1167 1472 1342 1533 cuius
1403 1492 1439 1533 e
1493 1469 1666 1533 libro
1724 1470 1873 1553 περὶ
1921 1470 2131 1546 θεῶν,
2192 1490 2397 1555 neque
2444 1491 2522 1535 ex

304 1575 460 1659 ipsis
506 1584 793 1636 vetertun
842 1572 1368 1658 philosophorum
1416 1562 1693 1658 scriptis,
1752 1570 1989 1637 Cicero
2035 1572 2316 1636 hauserit
2357 1594 2520 1659 quae

306 1676 391 1740 de
439 1696 659 1739 eorum
704 1675 954 1761 placitis
1000 1687 1239 1752 narret,
1298 1697 1478 1740 usum
1539 1674 1744 1739 videri
1800 1675 2083 1740 editione
2129 1676 2520 1762 Metaphysi-

305 1801 527 1844 corum
576 1802 612 1842 a
657 1783 798 1844 viro
847 1779 1041 1845 docto
1092 1779 1540 1856 Alexandrino,
1589 1779 1986 1843 sortasse-ab
2016 1780 2386 1866 Hermippo,
2427 1783 2520 1843 in-

303 1894 562 1961 structa,
609 1886 675 1947 in
720 1905 840 1968 qua
886 1886 1126 1969 primae
1166 1882 1616 1971 philosophiae
1653 1884 1967 1947 institutio
2009 1882 2309 1947 conclusa
2352 1894 2522 1947 esset

305 1987 405 2051 his
450 1986 654 2051 tribus
701 1986 878 2052 libris
909 1988 1124 2052 ΑΚΛ
1172 1994 1239 2051 et
1279 1987 1652 2076 significata,
1699 1986 2047 2052 secundum
2093 1986 2319 2057 librum
2357 1986 2426 2050 K
2456 1989 2520 2051 3.

308 2093 512 2155 106112
545 2093 603 2166 5,
651 2092 711 2154 4.
748 2093 949 2156 lomb
981 2094 1066 2156 25
1107 2093 1515 2181 φιλοσοφίας
1551 2094 1839 2166 nomine;
1883 2113 2005 2155 nec
2037 2102 2245 2155 tamen
2284 2090 2520 2154 debere

303 2215 428 2259 nos
475 2193 783 2280 deceptos
828 2197 1101 2259 nominis
1141 2194 1556 2259 similitudine
1591 2196 1711 2259 hos
1754 2194 1953 2259 libros
1994 2195 2252 2259 eosdem
2291 2206 2519 2280 putare

302 2299 518 2376 fuisse,
568 2309 758 2384 atque
804 2320 915 2364 eos
963 2319 1125 2384 quos
1170 2299 1318 2380 περὶ
1357 2300 1765 2388 φιλοσοφίας
1808 2321 1877 2363 se
1919 2301 2247 2384 scripsisse
2281 2300 2519 2362 Aristo-

303 2401 468 2467 teles
514 2402 855 2489 aliquoties
901 2411 1369 2466 commemorat.
1407 2436 1487 2453 «-
1535 2403 1710 2465 Haec
1756 2406 2089 2478 sententia,
2134 2423 2171 2464 a
2219 2401 2518 2469 Krisehio

301 2505 497 2571 docte
546 2515 612 2571 et
652 2516 838 2571 acute
886 2509 1188 2593 exposita,
1235 2515 1307 2570 ut
1352 2515 1450 2570 est
1492 2510 1643 2571 satis
1687 2504 2038 2591 probabilis
2087 2517 2151 2570 et
2195 2505 2276 2570 ad
2326 2504 2516 2591 expli-

302 2610 507 2675 canda
552 2610 755 2675 verba
801 2611 1134 2677 Ciceronis
1182 2593 1519 2696 aptissima,
1575 2612 1663 2673 ita
1707 2620 1807 2674 tot
1851 2613 2070 2673 nititur
2112 2612 2512 2687 coniecturis,

299 2725 375 2779 ut
409 2713 491 2778 ad
526 2726 769 2779 certum
804 2714 1103 2778 iudicium
1130 2735 1276 2778 *eam
1314 2733 1510 2799 posse
1548 2713 1778 2778 adduci
1811 2716 1914 2777 vix
1951 2711 2351 2786 crediderim3
2395 2711 2517 2776 sed

302 2820 548 2884 etiamsi
608 2828 788 2883 certo
847 2828 1193 2896 constaret,
1248 2816 1331 2882 ab
1392 2818 1750 2902 antiquiore
1808 2816 2024 2903 aliquo
2088 2816 2333 2884 editore
2393 2817 2515 2880 hos

300 2931 433 2985 tres
478 2920 684 2992 libros
730 2921 945 2992 AKA
991 2931 1302 3006 tamquam
1350 2924 1692 2988 continuos
1739 2923 2116 2988 coniunctos
2162 2921 2389 2998 fuisse,
2436 2918 2516 2986 ad

297 3024 825 3111 cognoscendum
872 3027 1216 3112 genuinum
1262 3025 1847 3111 Metaphysicorum
1895 3023 2188 3090 ordinem
2231 3024 2300 3092 id
2344 3034 2517 3090 certo

297 3149 438 3193 non
495 3131 874 3214 pertineret,
933 3132 1230 3213 quoniam
1276 3128 1437 3193 haec
1478 3128 1783 3194 librorum
1803 3131 2200 3194 ·coniunetio
2249 3126 2513 3213 vulgatu

296 3254 474 3300 nunc
515 3232 830 3302 librorum
874 3231 1105 3298 ordine
1148 3249 1284 3300 non
1329 3234 1558 3299 melior
1600 3231 1715 3302 sed
1758 3231 1863 3298 vel
1908 3234 2114 3308 minus
2159 3241 2309 3318 apta
2358 3238 2471 3306 est.
