3043 4973
498 218 643 294 480
1288 156 1395 294 ‘2⁴1
1443 220 1513 294 4.
1597 222 1783 296 1070
1799 223 1861 295 b.

498 396 638 461 esse
683 396 762 461 ab
812 418 886 460 ea
929 417 1028 474 re,
1074 419 1234 482 quae
1277 396 1429 462 inde
1476 397 1839 476 conficitur,
1890 399 2086 464 veluti
2129 398 2351 465 literae
2397 396 2685 465 diversae

496 512 644 565 sunt
688 521 722 562 a
768 499 1017 587 syllaba
1063 522 1138 565 ex
1182 504 1257 565 iis
1304 506 1671 588 composita,
1718 503 1796 566 cf.
1840 505 1902 567 Z
1933 506 2038 569 17.
2080 506 2281 569 10411»
2311 506 2414 568 12.
2506 505 2683 592 Ergo

495 608 946 669 si·communia
991 614 1201 668 essent
1246 608 1702 692 categoriarum
1747 610 2025 673 omnium
2071 607 2406 684 elementa,
2465 628 2686 673 conse-

496 730 696 795 quens
741 719 910 773 esset
954 711 1176 790 (ἔσται
1214 711 1315 788 ὃὸ,
1359 709 1472 775 fut.
1523 709 1980 788 conditionale,
2026 713 2103 776 cf.
2140 712 2303 778 obs.
2347 736 2411 798 p.
2444 712 2569 793 62)
2614 721 2685 777 ut

492 812 734 878 nullum
780 835 854 877 ex
898 813 994 876 his
1040 811 1364 877 elementis
1410 810 1667 891 (αὐτῶν
1702 815 1804 890 119,
1847 816 1889 877 i.
1924 836 1976 878 e.
2023 811 2151 881 τῶν
2192 817 2523 900 στοιχείων
2560 816 2682 895 ⁶5)

491 916 600 981 vel
642 917 989 981 substantia
1030 925 1196 980 esset
1232 915 1338 981 vel
1376 917 1722 983 relativum.
1798 919 1883 983 At
1918 920 2045 984 hoc
2080 940 2341 984 necesse
2381 928 2491 995 est,
2536 921 2682 1005 quia

492 1031 665 1085 extra
709 1021 868 1084 haec
905 1042 1140 1108 genera
1181 1019 1407 1085 cadere
1445 1021 1604 1086 nihil
1639 1032 1872 1109 potest,
1917 1023 1994 1086 cf.
2033 1022 2113 1088 ad
2150 1026 2252 1087 bl.
2330 1024 2507 1110 Ergo
2545 1044 2680 1087 non

490 1136 641 1190 sunt
695 1124 916 1191 eadem
970 1146 1176 1188 rerum
1235 1127 1511 1189 omnium
1561 1125 1889 1190 elementa.
1936 1165 2021 1176 —-
2078 1128 2243 1193 Huic
2286 1136 2680 1214 argumenta-

489 1230 650 1293 tioni
693 1231 1059 1315 interponit,
1097 1231 1179 1293 57
1228 1225 1374 1293 οὐδὲ
1412 1226 1492 1308 δὴ
1534 1265 1614 1279 -
1654 1231 1698 1295 8
1740 1230 2095 1308 συνθέτων,
2143 1253 2217 1295 ex
2254 1231 2374 1295 hac
2410 1231 2681 1296 elemen-

489 1336 696 1396 torum
739 1356 815 1398 ac
858 1355 1064 1397 rerum
1108 1332 1258 1397 inde
1305 1333 1734 1398 confectarum
1780 1333 2143 1398 diversitate
2199 1333 2418 1422 colligi
2468 1356 2677 1421 posse,

485 1457 625 1501 non
667 1458 806 1501 esse
841 1459 1028 1501 unam
1070 1459 1105 1501 e
1140 1436 1332 1501 rebus
1380 1436 1831 1525 cogitabilibus
1870 1458 2199 1503 commune
2236 1442 2513 1503 omnium
2553 1438 2678 1504 ele·

486 1551 780 1618 mentum,
823 1540 1024 1606 veluti
1065 1534 1142 1605 τὸ
1191 1534 1269 1605 ὅν
1311 1540 1418 1605 vel
1462 1537 1539 1607 τὸ
1586 1547 1670 1620 ἔν,
1715 1545 1860 1627 quia
1889 1539 2209 1628 'quidquid
2254 1564 2328 1607 ex
2371 1543 2469 1607 his
2512 1564 2676 1611 com-

484 1649 759 1732 ponitur,
804 1656 869 1710 et
912 1651 1117 1732 ipsum
1163 1667 1275 1711 ens
1321 1657 1418 1709 est
1462 1656 1528 1711 et
1571 1667 1793 1722 unum;
1848 1646 1928 1710 cf.
1976 1646 2239 1712 eandem
2285 1657 2676 1735 argumenta-

484 1753 725 1815 tionem
769 1749 1024 1815 uberius
1070 1753 1416 1836 expositam
1445 1749 1514 1814 B
1545 1752 1604 1816 3.
1638 1753 1798 1816 9981»
1823 1752 1909 1815 22
1956 1762 2021 1815 et
2065 1751 2145 1816 ad
2180 1751 2241 1815 h.
2273 1750 2315 1816 l.
2388 1753 2674 1838 Interpo-

482 1856 602 1919 sita
646 1855 805 1917 haec
844 1854 1040 1918 verba
1087 1876 1226 1918 esse
1265 1864 1576 1940 tamquam
1615 1857 1685 1919 in
1719 1854 2097 1941 parenthesi,
2140 1865 2443 1920 attentum
2477 1856 2673 1923 lecto-

368 1947 373 1951 ’
481 1979 615 2022 rem
658 1960 761 2023 vix
805 1967 1019 2044 potest
1062 1957 1314 2045 fugere;
1362 1961 1593 2024 etenim
1638 1979 1773 2022 non
1819 1979 1957 2024 esse
2005 1979 2115 2022 ens
2148 1960 2251 2023 vel
2282 1982 2472 2027 unum
2505 1982 2673 2024 com-

481 2083 673 2126 mune
701 2082 910 2126 rerum
942 2066 1216 2127 omnium
1251 2063 1643 2142 elementum,
1676 2060 1869 2147 plene
1902 2062 1998 2127 his
2034 2063 2243 2128 verbis
2279 2063 2671 2149 comprobat,

482 2175 548 2231 et
592 2164 830 2230 directa
871 2164 1032 2229 illud
1076 2165 1330 2250 quidem
1376 2169 1953 2254 argumentatione3
2010 2170 2307 2250 proximis
2352 2176 2559 2232 autem
2600 2171 2669 2230 in

480 2269 693 2334 verbis
730 2266 1039 2333 indirecta
1076 2273 1624 2356 argumentatione
1664 2272 1870 2349 utitur,
1910 2268 2272 2346 ostendenS‚
2316 2268 2465 2356 quid
2503 2279 2669 2333 esset

480 2383 991 2451 consecuturum,
1052 2376 1342 2437 nimirum
1401 2377 1455 2438 si
1508 2394 1894 2461 poneremus
1952 2377 2303 2441 communia
2361 2370 2665 2459 quaedam

480 2500 621 2543 esse
680 2481 1139 2567 categoriarum
1198 2475 1537 2556 elementa,
1598 2477 1932 2544 observata
1990 2475 2174 2542 simul
2217 2476 2327 2541 illa
2374 2476 2667 2542 elementi

481 2594 548 2647 et
588 2586 683 2647 rei
724 2581 876 2648 inde
922 2592 1101 2650 ortae
1143 2584 1531 2649 diversitate.
1605 2585 1955 2674 Propterea
1989 2603 2123 2647 non
2159 2602 2418 2667 possum
2458 2601 2670 2644 assen-

477 2690 582 2752 tiri
611 2686 974 2754 Alexandro
1015 2696 1079 2752 et
1104 2687 1330 2767 Schw„
1375 2690 1484 2774 qui
1515 2688 1675 2753 haec
1706 2688 1903 2756 verba
1935 2689 2047 2752 ⁶8:
2092 2683 2299 2752 οὐθὲν
2345 2678 2451 2772 ἄρ’
2487 2685 2670 2749 ἔσται

478 2794 876 2878 coniungunt
920 2814 1059 2857 cum
1104 2794 1180 2855 iis
1226 2814 1388 2878 quae
1431 2795 1715 2877 proxime
1760 2790 2157 2908 antecedunt,
2210 2799 2275 2854 et
2318 2785 2533 2854 αὐτῶν
2575 2792 2669 2853 in-

475 2902 906 2979 terpretantur
947 2897 1077 2958 τῶν
1121 2897 1461 2960 συνθέτων
1499 2896 1604 2959 bs.

606 2997 688 3060 b3
733 2995 1080 3061 Articulum
1123 2993 1202 3062 τὸ
1248 3019 1358 3062 cur
1409 3001 1757 3076 omiserim,
1815 3000 2078 3083 exposui
2111 2995 2285 3063 obs.
2331 3021 2395 3083 p.
2427 2999 2533 3064 53.
2579 3031 2665 3044 —-

473 3101 552 3165 b7
601 3107 922 3185 στοιχεῖον
970 3100 1176 3166 Schw.
1235 3125 1375 3167 cum
1432 3101 1575 3166 cod.
1620 3102 1692 3166 Ε
1747 3111 1810 3165 et
1852 3100 2029 3165 Alex.
2087 3105 2312 3166 mutari
2365 3101 2545 3166 iubet
2597 3103 2664 3164 in

475 3205 824 3289 στοιχείων.
913 3204 1044 3270 Sed
1101 3227 1308 3291 neque
1352 3204 1779 3270 Alexandrum
1837 3204 2069 3293 legisse
2127 3207 2460 3290 στοιχείων
2515 3206 2663 3270 satis

476 3317 713 3374 certum
752 3319 849 3373 est
886 3331 960 3375 ex
1001 3313 1134 3375 eius
1171 3314 1641 3389 commentario,
1675 3334 1738 3397 p.
1764 3311 1909 3387 652,
1939 3309 2046 3388 28,
2080 3329 2289 3394 neque
2324 3330 2482 3394 quae
2516 3329 2665 3396 pos-

472 3415 555 3478 sit
596 3416 761 3480 iusta
808 3435 947 3477 esse
986 3418 1305 3479 enunciati
1335 3415 1755 3481 conformatio
1785 3423 2041 3499 recepta
2071 3413 2191 3477 hac
2216 3412 2494 3478 lectione
2522 3434 2664 3498 per-

471 3509 695 3602 spicio.
797 3518 1107 3582 Nimirum
1161 3518 1418 3606 vulgata
1475 3522 1565 3583 ita
1621 3517 1872 3583 videtur
1929 3517 2322 3603 accipienda·
2382 3514 2529 3582 οὐδὲ
2580 3508 2663 3595 δὴ

469 3622 600 3686 τῶν
643 3611 897 3700 νοητῶν
939 3644 1004 3685 τι
1047 3617 1368 3708 στοιχεῖόν
1411 3627 1605 3688 ἐστιν.

601 3724 680 3806 b)
729 3725 1075 3790 blo-21.
1181 3724 1381 3811 Quod
1436 3727 1759 3811 hucusque
1818 3724 2272 3792 demonstravit
2332 3745 2467 3789 non
2523 3744 2660 3789 esse

470 3832 749 3893 omnium
806 3850 1014 3893 rerum
1073 3826 1294 3894 eadem
1351 3829 1690 3907 elementa,
1745 3832 1866 3892 iam
1925 3831 2189 3894 artiores
2245 3830 2311 3893 in
2356 3828 2519 3893 fines
2560 3849 2659 3892 re-

469 3933 723 4019 stringit
767 3925 851 4013 (ἥ
889 3935 1038 4012 ὂ11,
1082 3933 1164 3998 de
1209 3955 1330 4020 qua
1374 3944 1534 4021 part.
1583 3933 1662 3997 cf.
1707 3932 1789 3997 ad
1835 3932 1898 3997 Z
1936 3936 1997 3999 4.
2043 3934 2245 3998 1⁰29b
2280 3933 2395 4008 29;
2448 3926 2659 4017 ὥσπερ

469 4036 758 4119 λέγομεν,
797 4036 873 4099 cf.
913 4038 1047 4102 ‹132
1061 4043 1106 4118 )‚
1150 4048 1222 4103 ut
1265 4037 1735 4125 quodammodo
1782 4036 2003 4106 eadem
2048 4040 2325 4102 omnium
2366 4058 2507 4101 esse
2548 4035 2661 4101 do-

469 4148 637 4217 ceat,
691 4138 996 4224 siquidem
1055 4144 1327 4210 cuiusvis
1371 4143 1465 4207 rei
1512 4141 1821 4208 elementa
1868 4151 1977 4206 aut
2020 4140 2264 4206 formae
2307 4152 2414 4207 aut
2454 4143 2660 4228 priva-

468 4245 661 4307 tionis
706 4253 815 4307 aut
859 4248 1156 4309 materiae
1201 4245 1319 4310 sub
1364 4267 1567 4334 genus
1613 4245 1863 4312 cadunt.
1941 4247 2212 4314 Formae
2240 4245 2524 4332 exempla
2553 4243 2659 4309 ad-

466 4346 642 4416 hibet
684 4343 939 4427 λευκόν,
985 4348 1159 4438 φῶς,
1200 4343 1492 4437 θερμόν,
1535 4353 1911 4436 privationis
1953 4351 2191 4437 μέλαν,
2235 4344 2485 4429 σκότος,
2528 4363 2658 4437 ψυ-

2169 4539 2192 4556 ι.

2205 4569 2242 4602 Ν
2334 4589 2352 4612 ο
