3043 4973
540 247 683 321 364
1367 251 1450 320 H
1488 245 1561 321 2.
1643 245 1912 321 104211.

541 423 821 488 subiecta
870 432 966 487 est
1008 426 1342 488 mutationi
1387 418 1558 488 κατὰ
1603 428 1908 509 στέρησιν
1946 426 2063 503 ὺ3,
2121 433 2192 490 ut
2246 446 2407 511 quae
2457 422 2739 488 nondum

539 528 802 592 formam
848 530 916 590 in
961 548 1030 591 se
1074 531 1405 613 receperit,
1451 528 1647 593 modo
1694 525 1840 592 κατ’
1880 525 2066 605 εἶδος.
2103 566 2184 578 -
2230 529 2335 593 De
2382 528 2739 593 discrimine

538 631 659 695 τοῦ
712 628 934 706 ἁπλῶς
990 632 1349 714 γίγνεσθαι
1399 634 1508 695 καὶ
1567 627 1660 716 μὴ
1718 630 1941 708 ἁπλῶς
2000 636 2349 718 expositum
2406 653 2547 696 esse
2592 630 2741 695 dicit

540 739 609 799 ἑν
654 744 791 809 τοῖς
837 740 1154 823 φυσικοῖς,
1201 734 1277 798 cf.
1322 735 1518 821 Phys.
1559 736 1625 798 V
1669 737 1727 799 1.
1795 734 1876 800 de
1920 757 2067 823 gen.
2111 745 2175 800 et
2216 756 2377 800 corr.
2422 737 2452 800 Ι
2500 738 2559 801 7.

1441 997 1669 1072 CAP.
1738 997 1833 1068 II.

672 1141 758 1218 2)
805 1140 915 1205 De
934 1139 1176 1225 forma
1218 1163 1434 1204 rerum
1472 1140 1895 1220 sensibilium,
1943 1163 2109 1228 quae
2146 1152 2296 1207 actu
2332 1143 2424 1207 ait
2454 1140 2745 1206 substan·

543 1244 659 1325 tia,
705 1267 847 1328 cap.
879 1245 944 1324 2,
980 1245 1042 1308 3.

678 1351 753 1428 a)
798 1347 1204 1412 Enumerata
1227 1346 1615 1432 formarum
1664 1349 1980 1411 varietate
2022 1355 2086 1412 el
2130 1348 2221 1412 ad
2261 1372 2512 1414 summa
2556 1370 2746 1435 quae-

543 1451 695 1515 dam
733 1474 987 1535 genera
1027 1451 1331 1532 redacta,
1377 1454 1448 1516 in
1472 1450 1712 1536 forma
1755 1454 1938 1515 cerni
1978 1460 2283 1516 naturam
2328 1476 2408 1517 ac
2451 1452 2743 1517 substan·
2799 1489 2810 1500 ι

543 1558 702 1621 tiam
745 1559 848 1620 rei
891 1555 1229 1621 cuiuslibet
1273 1556 1477 1637 docet,
1526 1556 1729 1620 10421>
1766 1557 1910 1619 9-
1926 1556 2136 1621 104312
2177 1557 2280 1620 12.

676 1675 946 1738 Materia
991 1697 1199 1739 rerum
1246 1674 1652 1753 sensibilium,
1699 1696 1883 1760 quam
1931 1695 2069 1738 esse
2107 1673 2518 1738 substantiam
2552 1684 2614 1737 et
2644 1671 2749 1736 de-

543 1788 957 1843 monstratum
1018 1790 1200 1843 antea
1262 1787 1357 1843 est
1414 1788 1478 1841 et
1535 1781 1851 1842 communi
1906 1798 2225 1842 consensu
2270 1775 2748 1863 comprobatum

545 1880 1007 1966 (ὁμολογεῖται
1044 1885 1198 1962 ὺ9),
1259 1885 1557 1968 quoniam
1607 1885 1917 1969 passivam
1963 1881 2156 1945 habet
2203 1884 2531 1966 potentiae
2574 1891 2751 1945 natu-

545 2008 677 2049 ram
733 1980 942 2066 (αὕτη
989 1982 1044 2049 δ’
1082 1987 1261 2052 ἐστὶν
1305 1984 1346 2065 ἡ
1395 1983 1666 2072 δυνάμει
1706 1988 1866 2063 blo,
1924 1983 2002 2048 cf.
2052 1986 2110 2049 l.
2160 1987 2369 2051 104211
2411 1986 2571 2065 27),
2627 1987 2747 2047 iam

546 2089 975 2176 quaerendum
1019 2098 1130 2168 est,
1177 2112 1338 2175 quae
1383 2093 1466 2153 sit
1511 2088 1552 2169 ἡ
1598 2094 1900 2172 ἐνέργεια,
1946 2110 2069 2174 qua
2109 2092 2371 2154 materia
2414 2087 2752 2153 definiatur

547 2187 707 2273 (τὴν
753 2190 837 2269 ὡς
881 2195 1208 2279 ἐνέργειαν
1252 2190 1487 2256 οὐσίαν
1528 2196 1675 2271 blss,
1720 2214 1802 2255 an
1847 2214 1987 2255 cum
2036 2192 2210 2256 Alex.
2258 2216 2322 2279 p.
2355 2194 2502 2270 517,
2547 2193 2583 2255 1
2630 2185 2751 2269 τὴν

548 2294 634 2373 ὡς
669 2297 958 2381 ἐνεργείᾳ
994 2291 1228 2360 οὐσίαν
1264 2296 1544 2359 scribere
1580 2295 1776 2374 maliS,
1821 2316 1954 2359 non
1985 2295 2246 2361 multum
2279 2295 2511 2373 dissert,
2546 2316 2750 2380 quam-

548 2423 733 2486 quam
781 2399 1028 2464 dativus
1075 2400 1277 2483 aptius
1322 2397 1576 2462 videtur
1620 2402 1866 2485 opponi
1914 2398 2129 2464 dativo
2176 2395 2507 2483 δυνάμει.)
2597 2399 2748 2462 Eam

547 2510 877 2590 ἐνέργειαν
923 2506 1095 2567 cerni
1141 2507 1208 2567 in
1254 2504 1452 2568 forma
1500 2507 1623 2583 rei,
1677 2512 1749 2567 ut
1794 2514 2012 2568 notum
2061 2513 2157 2568 est
2203 2526 2276 2568 ex
2323 2503 2751 2589 disputatione

546 2607 695 2672 libri
741 2609 825 2685 Z,
882 2610 969 2671 ita
1028 2616 1092 2671 et
1133 2609 1435 2693 proximis
1480 2607 1693 2671 verbis
1739 2607 2131 2693 significatur
2175 2603 2622 2691 (Δημόκριτος
2666 2644 2747 2656 -

549 2718 720 2798 τρεῖς
765 2707 1181 2799 διαφορὰς
1225 2712 1430 2775 ἔοικεν
1474 2715 1752 2795 οἰομένῳ
1797 2706 2001 2793 εἶναι)
2052 2721 2115 2775 et
2168 2715 2460 2775 universa
2500 2711 2618 2773 hac
2653 2732 2751 2774 ex-

547 2818 874 2899 positione
920 2813 1385 2899 comprobatur.
1478 2816 1572 2878 Ac
1615 2818 1897 2900 suscepit
1942 2814 2193 2901 quidem
2241 2818 2478 2901 primus
2518 2815 2752 2878 Demo-

552 2921 746 2981 critus
801 2918 1065 2980 formam
1122 2939 1330 2981 rerum
1389 2916 1470 2980 ad
1533 2925 1662 2981 tres
1725 2921 1987 2983 omnino
2045 2918 2285 2982 referre
2343 2919 2751 2997 differentiae,

550 3022 890 3097 bll——l5‚
940 3019 1016 3085 cf.
1049 3019 1130 3084 ad
1161 3020 1231 3083 A
1264 3023 1324 3084 4.
1357 3021 1518 3084 9851>
1546 3023 1658 3096 133
1704 3021 1817 3086 sed
1861 3033 2121 3108 apparet
2159 3023 2557 3109 (φαίνονται
2586 3023 2752 3100 b15)

551 3127 619 3188 in
664 3125 758 3188 his
805 3123 1005 3188 tribus
1051 3144 1186 3187 non
1230 3144 1423 3210 posse
1469 3127 1801 3209 acquiesci,
1847 3147 2064 3191 verum
2108 3126 2307 3191 multo
2356 3147 2495 3190 esse
2539 3125 2751 3213 plures

553 3229 944 3294 differentias
992 3229 1220 3313 quibus
1264 3249 1473 3292 rerum
1519 3228 1764 3294 formae
1814 3234 2304 3307 constituantur,
2360 3228 2561 3294 veluti
2605 3224 2755 3292 σύν-

548 3334 781 3410 θέσιν,
824 3329 1033 3415 μῖξιν,
1082 3333 1342 3417 κρᾶσιν,
1386 3333 1603 3409 θέσιν,
1644 3328 1889 3418 χρόνον
1934 3333 2012 3399 al.
2103 3337 2270 3414 (b16
2317 3335 2628 3399 συνθέσει
2667 3370 2755 3381 -

554 3431 770 3521 ὥσπερ
832 3431 960 3499 ὅσοι
1018 3431 1244 3522 κράσει
1298 3438 1465 3514 κτλ.,
1519 3436 1773 3501 videtur
1817 3437 1877 3500 h.
1924 3436 1965 3501 l.
2020 3436 2241 3501 eadem
2296 3440 2362 3501 vi
2419 3456 2755 3523 usurpasse

553 3562 615 3602 v.
662 3534 975 3614 σύνθεσις
1022 3547 1086 3602 et
1128 3540 1387 3622 κρᾶσις,
1446 3562 1609 3625 quae
1655 3540 1808 3604 alibi
1855 3540 2092 3606 diserte
2139 3541 2497 3630 distinguit,
2552 3541 2629 3605 cf.
2677 3539 2756 3604 de

554 3663 700 3729 gen.
743 3650 808 3705 et
846 3662 1008 3705 corr.
1053 3643 1083 3706 I
1131 3645 1233 3706 10.
1280 3643 1449 3706 328α
1486 3644 1547 3707 8.
1588 3680 1672 3692 -
1709 3646 1839 3709 b29
1882 3637 1968 3708 τὰ
2009 3648 2129 3728 μὲν
2171 3648 2515 3730 μεμῖχθαι,
2560 3637 2646 3709 τὰ
2690 3645 2757 3709 δὲ

555 3747 945 3833 κεκρᾶσθαι.
1036 3746 1256 3809 Latius
1299 3754 1519 3830 patere
1565 3750 1838 3813 nominis
1882 3745 2056 3831 μῖξις
2098 3753 2223 3813 vim
2270 3770 2455 3835 quam
2502 3772 2561 3811 v.
2601 3750 2760 3834 κρᾶ-

557 3869 674 3928 σις,
718 3849 1035 3936 significat
1077 3848 1330 3935 quidem
1363 3852 1468 3914 Ar.
1506 3849 1624 3914 ubi
1660 3850 1927 3935 exempli
1968 3851 2114 3917 loco
2155 3854 2268 3916 has
2309 3857 2609 3917 notiones
2655 3850 2761 3915 ad-

555 3952 732 4017 hibet
777 3955 944 4039 Top.
977 3955 1072 4018 IV
1109 3956 1172 4018 2.
1217 3955 1375 4018 1221>
1405 3955 1524 4019 30:
1575 3947 1721 4018 οὔτε
1766 3949 1893 4039 γὰρ
1939 3952 1981 4034 ἡ
2027 3955 2198 4039 μῖξις
2241 3951 2473 4021 ἅπασα
2517 3957 2761 4038 κρᾶσις,

558 4054 600 4135 ἡ
645 4050 774 4142 γοὶρ
819 4058 949 4122 τῶν
993 4054 1206 4142 ξηρῶν
1248 4055 1420 4142 μῖξις
1466 4054 1587 4122 οὐκ
1630 4059 1765 4123 ἔστι
1808 4060 2063 4143 κρᾶσιςε
2119 4059 2233 4123 sed
2279 4060 2387 4125 ubi
2431 4063 2605 4146 ipsas
2650 4058 2760 4121 has

558 4162 858 4224 notiones
905 4159 1270 4247 diligentius
1307 4164 1665 4248 investigat,
1708 4160 1882 4244 μῖξις
1922 4172 1985 4225 et
2021 4164 2251 4247 κρᾶσις
2288 4162 2602 4228 sine·ullo
2642 4162 2762 4226 dis-

559 4265 818 4328 crimine
876 4273 1138 4348 usurpat
1194 4263 1274 4326 ad
1321 4265 1801 4351 significandam
1850 4265 2186 4329 chemicam
2229 4270 2763 4343 coniunctionem,

562 4389 724 4454 quae
765 4365 1211 4455 distinguenda
1252 4375 1350 4431 est
1392 4389 1425 4432 a
1472 4389 1645 4432 mera
1686 4371 2173 4457 compositione,
2217 4371 2527 4436 συνθέσει
2572 4371 2649 4435 cf.
2682 4369 2762 4434 de
