3043 4973
515 227 615 303 94
1362 229 1440 301 Α
1485 227 1557 301 6.
1631 225 1777 301 987
1797 226 1862 299 b.

646 401 846 490 Quod
892 413 1100 469 autem
1139 402 1517 469 Aristoteles
1562 404 1661 469 his
1703 402 1915 469 verbis
1960 414 2026 469 et
2068 401 2350 469 idearum
2394 400 2728 468 materiale

518 510 892 597 principium
948 515 1014 573 et
1068 506 1287 572 eadem
1345 507 1630 573 idearum
1680 529 2014 593 rerumque
2059 506 2453 573 sensibilium
2493 509 2729 593 princi-

518 615 624 701 pia
682 615 975 700 statuisse
1020 609 1350 676 Platonem
1407 612 1632 689 refert,
1688 610 1755 676 id
1813 632 1936 676 nec
1991 614 2332 675 concinere
2389 634 2530 676 cum
2583 613 2728 696 ipsa

515 716 806 783 Platonis
851 715 1141 780 doctrina
1186 737 1308 780 nec
1349 725 1562 780 tamen
1607 716 1834 781 deesse
1879 717 1946 779 in
1993 736 2097 794 ea,
2151 714 2324 779 unde
2377 714 2542 778 hanc
2585 716 2728 800 opi·

517 824 778 885 nionem
830 818 1110 883 hauserit
1156 818 1567 897 Aristoteles,
1631 829 1694 883 et
1738 828 1923 883 acute
1968 828 2032 884 et
2074 842 2230 884 vere
2281 817 2731 905 comprobavit

519 923 732 988 Zeller
761 921 922 987 Plat.
956 924 1048 988 St.
1084 947 1146 1010 p.
1179 923 1575 989 248-257.
1635 922 1793 987 Phil.
1839 921 1900 987 d.
1933 923 2047 989 Gr.
2079 924 2157 988 11.
2187 947 2250 1010 p.
2282 923 2409 988 2:37
2429 923 2681 987 -24L

654 1028 931 1093 9871122
966 1020 1053 1092 τὸ
1089 1031 1376 1113 μέντοι
1408 1049 1491 1111 ys
1530 1027 1614 1091 ἓν
1645 1065 1732 1076 -
1768 1027 1937 1091 988α
1963 1029 2001 1091 1
2039 1030 2496 1111 ἐκμαγείου.
2556 1025 2729 1092 Cum

518 1131 945 1219 Pythagoreis
992 1129 1175 1195 Plato
1219 1130 1346 1195 hoc
1391 1130 1583 1194 habet
1627 1150 1989 1209 commune,
2040 1130 2214 1217 quod
2258 1152 2394 1195 non
2437 1128 2732 1195 substan-

520 1237 668 1300 tiam
713 1234 1027 1321 quandam
1074 1235 1371 1312 subiecit,
1423 1232 1504 1297 de
1552 1255 1674 1319 qua
1720 1233 2119 1319 praedicetur
2161 1238 2399 1313 unitas,
2454 1228 2547 1318 μὴ
2591 1238 2730 1298 ἕπε-ψ

519 1334 642 1425 ρόν
684 1343 758 1422 γέ
800 1361 866 1403 τι
909 1331 988 1404 ὃν
1031 1338 1350 1423 λέγεσθαι
1394 1341 1464 1401 ἕν
1499 1337 1645 1415 ὁ23,
1692 1336 1805 1401 sed
1852 1340 2051 1423 ipsam
2098 1341 2398 1403 unitatem
2437 1337 2732 1404 substan-

520 1445 669 1506 tiam
716 1463 857 1506 esse
903 1442 1126 1521 voluit,
1171 1442 1249 1506 cf.
1295 1439 1376 1505 ad
1423 1443 1484 1506 5.
1529 1440 1700 1507 9870:
1744 1440 1839 1517 18,
1887 1451 1954 1505 et
1995 1441 2170 1527 quod
2214 1463 2532 1520 numeroS,
2576 1442 2733 1506 licet

521 1545 644 1610 alia
696 1568 773 1611 ac
814 1546 1209 1635 Pythagorei
1249 1546 1531 1624 ratione,
1589 1547 1657 1609 in
1710 1543 2037 1630 principiis
2092 1548 2326 1632 posuit.
2415 1545 2734 1610 Dissentit

480 1659 728 1722 ,autem
772 1671 810 1713 a
855 1649 1284 1737 Pythagoreis
1331 1658 1396 1712 et
1441 1668 1553 1727 eo,
1610 1647 1785 1733 quod
1842 1646 2156 1712 infinitam
2204 1651 2504 1713 materiae
2548 1659 2734 1713 natu-

521 1774 673 1830 ram,
715 1735 931 1817 verbo·
967 1754 1221 1840 quidem
1267 1753 1468 1840 magis
1515 1773 1700 1837 quam
1744 1773 1816 1815 re
1862 1772 1936 1815 ac
1979 1754 2249 1817 notione
2293 1752 2413 1831 (cf.
2458 1753 2652 1837 Phys.
2697 1752 2730 1816 1

520 1860 582 1923 9.
629 1859 793 1922 1920:
815 1860 899 1937 9)
945 1856 1261 1943 duplicem
1306 1855 1472 1934 fecit,
1516 1851 1668 1920 ἀντὶ
1710 1855 1831 1920 τοῦ
1873 1847 2148 1941 άπέίρου
2192 1852 2279 1932 ὡς
2320 1848 2467 1931 ἐνὸς
2510 1849 2731 1919 δυάδα

521 1963 674 2041 (int.
719 1961 840 2025 τοῦ
880 1956 1172 2046 μεγάλου
1213 1961 1326 2024 καὶ
1368 1959 1633 2044 μικροῦ,
1685 1980 1819 2023 non
1863 1955 1988 2037 τὴν
2030 1954 2345 2045 ἀόριστον
2388 1953 2601 2023 δυάδα
2648 1956 2731 2021 cf.

522 2064 761 2129 admo
803 2074 872 2129 et
914 2063 1154 2128 Trend.
1202 2063 1284 2128 de
1329 2063 1413 2128 id.
1460 2086 1524 2149 p.
1554 2063 1878 2141 48—51,·
1909 2062 2123 2126 Zeller
2166 2061 2262 2126 Pl.
2307 2062 2399 2126 St.
2446 2085 2507 2147 p.
2537 2062 2731 2140 222),

525 2178 591 2233 et
636 2190 715 2233 eo
762 2167 938 2254 quod
983 2190 1018 2231 a
1062 2167 1255 2232 rebus
1298 2169 1571 2231 seiunxit
1613 2187 1942 2244 numeros,
1987 2187 2151 2252 quos
2196 2164 2590 2252 Pythagorei
2634 2168 2732 2229 in·

526 2292 667 2336 esse
708 2272 902 2336 rebus
949 2280 1356 2348 censuerant,
1413 2270 1493 2334 cf.
1544 2270 1625 2335 ad
1671 2274 1731 2335 5.
1777 2271 1948 2335 9860:
1988 2272 2089 2335 13.
2180 2270 2469 2334 seiunxit
2520 2279 2731 2335 autem

522 2397 560 2441 a
606 2376 799 2441 rebus
842 2395 1174 2453 numeros,
1232 2377 1377 2459 quia
1430 2377 1709 2438 numeris
1752 2373 2042 2438 idearum
2088 2376 2398 2437 contineri
2444 2383 2730 2437 naturam

525 2478 974 2559 arbitrabatur,
1028 2499 1183 2565 quas
1233 2477 1663 2566 seiungendas
1715 2500 1751 2543 a
1798 2476 1989 2542 rebus
2033 2486 2101 2541 et
2143 2475 2440 2542 absolute
2482 2497 2735 2563 ponen-

525 2583 639 2649 das
682 2583 1106 2658 intellexerat3
1164 2591 1529 2667 tantamque
1573 2580 1734 2647 ideis
1778 2581 2090 2646 tribuerat
2132 2581 2533 2668 dignitatem,
2582 2583 2732 2666 quia

524 2688 810 2753 Socratis
867 2687 1219 2768 doctrinam
1273 2697 1529 2750 secutus
1573 2707 1874 2749 summam
1918 2687 1986 2749 in
2030 2683 2513 2749 definitionibus
2555 2688 2734 2779 inve-

525 2790 836 2878 stigandis
881 2789 1310 2854 collocaverat
1355 2809 1645 2874 operam,
1699 2782 1932 2875 022de
1977 2782 2285 2873 πρότεροι
2330 2787 2735 2866 διαλεκτικῆς

527 2890 608 2960 οὐ
649 2901 946 2977 μετεῖχον
978 2895 1134 2971 ὂ32,
1192 2893 1271 2957 cf.
1319 2895 1408 2957 M
1441 2893 1503 2957 4.
1558 2895 1755 2960 1078h
1790 2895 1904 2958 25:
1964 2884 2331 2970 διαλεκτικὴ
2378 2885 2507 2976 γάρ
2550 2884 2736 2976 ἰσχὺς

527 2982 707 3061 οὔπω
751 2992 886 3060 τότ’
922 2985 1026 3077 ἦν,
1070 2991 1234 3062 ὥστε
1280 2991 1624 3069 δύνασθαι
1664 2999 1776 3062 καὶ
1812 2998 2012 3083 χωρὶς
2056 2995 2175 3061 τοῦ
2210 2997 2275 3060 τί
2312 2999 2445 3059 ἐστι
2485 2990 2734 3059 τάναν-

525 3102 637 3165 τία
683 3103 1072 3166 ἐπισκοπεῖν.
1161 3098 1457 3185 Dyadem
1512 3110 1719 3164 antem
1764 3102 2063 3165 materiae
2106 3108 2449 3185 propterea
2494 3100 2733 3176 statuit,

526 3207 674 3290 quia
720 3207 964 3270 numeri
1010 3225 1084 3268 ex
1125 3203 1339 3289 dyade
1373 3202 1564 3268 facile
1598 3208 2085 3292 progignuntur,
2130 3200 2209 3282 ἔξ
2223 3227 2271 3265 ω
2318 3204 2474 3267 τῶν
2514 3195 2734 3288 πρώ-

525 3330 683 3373 των
718 3311 866 3373 1134.
941 3308 1072 3374 Sed
1116 3308 1180 3372 hi
1227 3310 1475 3396 πρῶτοι
1519 3305 1810 3394 ἀριθμοί
1853 3311 1961 3393 qui
1993 3311 2121 3372 sint
2145 3305 2563 3394 intelligendi,
2606 3304 2736 3368 dis-

527 3412 812 3475 sentiunt
852 3414 1253 3497 interpretes.
1344 3411 1703 3476 Alexander
1761 3414 1923 3475 enim
1976 3414 2223 3498 πρῶτοι
2264 3432 2455 3475 sensu
2497 3408 2736 3473 mathe-

527 3516 758 3577 matico
814 3516 1266 3600 interpretatus
1322 3513 1592 3602 intelligi
1644 3514 1784 3578 vult
1827 3515 1934 3579 vel
1978 3509 2130 3590 τοὺς
2171 3507 2468 3599 πρώτους
2508 3510 2736 3589 ἁπλοῖς

528 3620 568 3681 i.
614 3640 668 3683 e.
715 3610 870 3693 τοὺς
910 3613 1154 3701 μονάδι
1193 3613 1362 3708 μόνῃ
1409 3620 1940 3705 μετρουμένους,’
1968 3642 2031 3704 p.
2077 3619 2178 3696 43,
2228 3620 2308 3682 19
2353 3620 2533 3699 (sive
2575 3617 2738 3680 haec

530 3721 868 3807 explicatio
915 3720 1257 3786 Alexandri
1302 3731 1426 3798 est,
1484 3724 1620 3786 sive
1678 3721 1838 3786 alius
1895 3721 2217 3788 cuiusdam
2265 3725 2499 3787 veteris
2542 3725 2739 3786 inter-

526 3827 724 3911 pretis
737 3830 783 3907 ),
827 3824 934 3889 vel
971 3828 1262 3890 universe
1292 3828 1564 3910 impares
1596 3846 1915 3904 numeroS‚
1947 3849 2009 3912 p.
2040 3828 2143 3904 43,
2173 3828 2235 3891 4.
2303 3827 2541 3891 Nostra
2573 3845 2733 3890 vero

528 3937 737 3993 aetate
762 3928 1299 4016 Trendelenburg
1334 3927 1415 3992 de
1450 3928 1535 3993 id.
1570 3951 1631 4014 p.
1665 3932 1767 4008 78,
1800 3930 2013 3995 Zeller
2039 3930 2199 3996 Plat.
2232 3931 2327 3995 St.
2355 3953 2419 4016 p.
2437 3931 2576 3996 255
2597 3951 2736 4016 sqq.

528 4043 693 4112 not.,
751 4031 1123 4120 Schwegler
1166 4032 1247 4097 ad
1293 4033 1352 4097 h.
1380 4031 1438 4097 ·l.
1487 4033 1816 4098 vocabulis
1865 4035 2116 4120 πρῶτοι
2159 4031 2449 4121 ἀριθμοί
2491 4033 2738 4099 ideales

528 4157 829 4201 numeros
885 4135 1230 4224 significari
1287 4147 1700 4216 monuerunt,
1758 4148 1822 4202 et
1877 4140 2205 4203 coniunxit
2259 4136 2737 4223 quodammodo

528 4250 857 4326 utramque
900 4243 1274 4305 sententiam
1318 4241 1593 4306 Brandis
1633 4241 1801 4306 Mus.
1833 4242 2041 4307 Rhen.
2086 4242 2194 4307 111.
2239 4265 2304 4327 p.
2336 4243 2467 4308 574
2512 4252 2579 4306 et
2622 4240 2742 4306 du-

522 4334 829 4410 bitantius
877 4343 1109 4410 Gesch.
1155 4345 1233 4409 11.
1292 4368 1356 4431 p.
1394 4346 1675 4426 3l3aeoe,
1734 4346 1910 4431 quod
1964 4367 2100 4412 non
2155 4366 2378 4411 omnes
2433 4365 2740 4412 numeros
