3043 4973
588 260 734 337 304
1417 263 1496 333 Ζ
1537 258 1607 334 4.
1690 258 1957 334 102911:

592 441 839 503 etioues
884 436 988 501 vel
1032 436 1156 502 alia
1200 438 1267 503 id
1311 458 1533 524 genua,
1577 437 1693 502 sed
1737 440 1938 524 ipsam
1974 458 2108 502 rem
2144 459 2306 523 quae
2343 447 2410 502 et
2445 436 2647 524 qualis
2680 448 2793 516 est,

588 537 687 607 ὅτι
733 542 868 605 ἔστι
911 534 987 606 τὸ
1032 543 1098 605 τί
1141 532 1226 621 ἦν
1270 539 1436 607 εἶναι
1475 546 1828 608 ἕκαστον
1867 536 1906 606 ὃ
1945 543 2200 626 λέγεται
2242 539 2406 606 καθ’
2446 537 2632 607 αὑτό.
2697 542 2792 606 Ita

587 644 841 731 quidem
886 647 953 708 in
998 644 1174 708 libris
1220 644 1513 709 omuibus
1573 655 1639 709 et
1688 648 1937 732 scriptis
1985 667 2148 732 quos
2193 645 2524 711 Bekkerus
2571 655 2794 709 contu-

587 747 663 813 lit
708 759 774 813 et
818 747 1003 813 editis
1049 748 1397 815 exhibetur.
1487 748 1619 813 Sed
1671 772 1860 835 quum
1908 755 2184 816 ἕκαστον
2228 770 2348 814 nec
2393 752 2790 814 nominativo

583 874 707 917 nec
765 855 1126 917 accusativo
1188 874 1337 916 casu
1393 855 1700 941 coniungi
1757 857 1965 939 possit
2021 876 2158 919 cum
2216 848 2294 919 τὸ
2350 855 2415 918 τί
2471 843 2558 933 ἦν
2607 847 2794 930 εἶναι,

585 959 885 1043 quoniam
930 957 1090 1019 haec
1133 956 1404 1021 formula
1451 957 1689 1043 ubique
1728 968 1839 1022 aut
1875 956 2109 1036 dativo,
2155 957 2330 1045 quod
2364 969 2462 1022 est
2499 958 2796 1043 frequen-

585 1063 888 1125 tissimum
935 1060 1054 1141 (cf.
1095 1060 1331 1126 Trend.
1370 1063 1538 1127 Mus.
1577 1063 1786 1126 Rhen.
1836 1063 2024 1140 1828,
2069 1063 2130 1125 4.
2177 1082 2242 1146 p.
2275 1062 2404 1127 459
2442 1064 2622 1147 sqq.)
2668 1070 2794 1137 aut,

583 1163 758 1250 quod
796 1186 1004 1230 rarum
1041 1175 1136 1229 est
1180 1165 1300 1246 (cf.
1332 1167 1395 1228 Z
1420 1168 1478 1230 7.
1515 1167 1717 1231 1032b
1742 1168 1845 1245 2),
1890 1168 2177 1252 genitivo
2219 1167 2642 1253 coniungitur,
2687 1162 2797 1229 vel

583 1267 956 1354 ponendum
1014 1279 1113 1332 est
1168 1272 1445 1334 ἕκαστον
1487 1280 1643 1355 post
1684 1271 1966 1354 λέγεται,
2024 1291 2208 1356 quam
2255 1268 2598 1334 lectionem
2645 1267 2797 1333 Ale-

580 1370 888 1437 xandrum
943 1375 1009 1436 in
1060 1381 1237 1437 textu
1279 1394 1399 1438 suo
1445 1372 1742 1437 habuisse
1790 1384 2057 1459 apparet
2101 1397 2162 1459 p.
2194 1374 2342 1450 433,
2390 1374 2493 1437 11.
2540 1373 2643 1437 14.
2692 1374 2794 1450 19,

580 1475 687 1540 vel
742 1496 862 1562 pro
923 1480 1200 1541 ἕκαστον
1250 1476 1655 1542 scribendum
1702 1487 1798 1541 est
1839 1472 2111 1560 ἑκάστῳ.
2202 1478 2287 1541 Et
2329 1463 2493 1540 hauc
2534 1474 2795 1561 quidem

581 1583 1027 1658 coniecturam,
1069 1584 1459 1667 propositam
1505 1584 1575 1646 in
1605 1580 1765 1647 Obs.
1800 1605 1863 1669 p.
1895 1584 2000 1658 95,
2044 1579 2528 1667 praeferendam
2571 1582 2798 1644 censui

578 1694 847 1769 propter
891 1705 966 1748 ea
1011 1706 1174 1770 quae
1221 1685 1454 1750 deinde
1512 1689 1799 1772 exposita
1843 1685 2110 1773 legimus
2153 1685 2283 1749 ⁶14
2326 1678 2404 1749 τὸ
2451 1686 2559 1749 σοὶ
2604 1679 2796 1762 εἶναι,

577 1788 725 1852 ὂῖθ.
755 1788 870 1852 26:
915 1790 1034 1852 τοῦ
1074 1789 1140 1851 τί
1184 1778 1268 1867 ἦν
1315 1785 1483 1854 εἶναι
1523 1784 1792 1873 ἑκάστῳ,
1837 1790 1915 1853 cf.
1961 1789 2016 1853 A
2047 1789 2396 1853 17.1022a
2433 1791 2494 1853 9.
2530 1825 2610 1838 -
2660 1787 2795 1851 Iam

578 1889 731 1977 quid
788 1890 1113 1978 significet
1167 1869 1327 1956 illud
1371 1890 1537 1957 καθ’
1578 1889 1773 1971 αὑτό,
1833 1891 2121 1978 exemplo
2174 1890 2475 1956 illustrat.
2535 1888 2615 1956 οὐ
2659 1890 2794 1977 γάρ

578 1995 718 2058 ἐστί
769 1987 847 2058 τό
906 1995 1016 2059 σοὶ
1073 1991 1241 2059 εἶναι
1295 1997 1465 2076 (hoe
1519 2000 1685 2061 enim
1744 1996 1909 2061 idem
1969 1994 2288 2083 significat
2344 2017 2420 2059 ae
2473 1988 2550 2060 τὸ
2596 1998 2664 2058 τί
2708 1985 2797 2073 ἦν

579 2090 746 2160 εἶναι
789 2097 1039 2174 σοί,ε[.
1089 2099 1209 2162 An.
1255 2110 1425 2185 post.
1472 2101 1639 2165 114.
1686 2101 1802 2165 9Ιὸ
1846 2101 1984 2164 4-
2001 2103 2061 2165 9.
2132 2099 2213 2164 de
2258 2121 2356 2164 an.
2405 2099 2571 2163 111.
2618 2099 2796 2163 412⁶

580 2201 884 2265 11-13.
944 2201 1246 2266 Trendel.
1285 2201 1329 2267 1.
1368 2202 1409 2265 l.
1453 2225 1514 2289 p.
1549 2206 1721 2284 467)
1766 2195 1843 2266 τὸ
1887 2204 2179 2287 μουσικῷ
2223 2197 2406 2267 εἶναι.
2476 2204 2792 2267 Nimirum

577 2312 649 2367 tu
695 2323 763 2367 es
809 2301 1077 2389 quidem,
1124 2316 1193 2370 ut
1235 2306 1363 2371 hoc
1405 2326 1734 2391 ponamus,
1779 2308 2070 2384 musicus,
2115 2305 2230 2370 sed
2275 2309 2341 2370 in
2380 2327 2462 2372 eo
2502 2306 2680 2392 quod
2719 2328 2792 2371 es

574 2409 850 2471 musicus
907 2428 1042 2472 non
1101 2412 1379 2473 cernitur
1436 2413 1574 2496 ipsa
1624 2420 1728 2474 tua
1776 2413 2077 2488 essentia,
2138 2431 2355 2475 verum
2400 2413 2616 2498 potius
2663 2411 2794 2475 hoc

576 2511 696 2576 tibi
743 2511 990 2576 accidit.
1039 2549 1119 2562 —
1166 2512 1296 2578 Sed
1345 2517 1530 2578 etiam
1577 2517 1838 2580 semotis
1884 2514 2315 2580 accidentibus
2359 2514 2644 2580 nondum
2692 2537 2794 2579 sa-

574 2619 656 2680 tis
701 2615 1032 2680 definitum
1075 2626 1296 2702 potest
1338 2617 1562 2698 videri,
1606 2618 1757 2705 quid
1803 2618 2049 2684 dicatur
2090 2611 2167 2683 τὸ
2210 2641 2341 2697 τηε,
2386 2621 2530 2705 quia
2578 2622 2791 2705 ipsum

573 2718 736 2784 illud
770 2716 936 2783 καθ’
979 2715 1142 2784 αὑτό
1177 2741 1308 2785 non
1349 2721 1570 2786 eadem
1606 2722 1840 2808 ubique
1872 2725 1940 2786 vi
1975 2731 2329 2807 usurpatur,
2369 2723 2448 2786 cf.
2482 2722 2560 2786 ad
2592 2725 2648 2788 A
2681 2725 2789 2789 18.

574 2822 719 2887 Alia
780 2825 943 2887 enim
1002 2826 1252 2888 ratione
1299 2823 1543 2889 Callias
1603 2825 1832 2893 dicitur
1879 2823 2045 2891 καθ’
2086 2819 2252 2890 αὑτό
2300 2838 2439 2890 esse
2482 2827 2589 2890 vel
2635 2826 2792 2892 Cal-

572 2924 689 2989 lias
731 2924 841 2990 vel
883 2925 1076 2989 homo
1122 2927 1229 2990 vel
1274 2928 1534 3005 animal,
1593 2929 1718 2994 alia
1773 2933 2026 2997 ratione
2071 2928 2301 2993 dieitur
2344 2927 2386 3008 ἡ
2430 2925 2791 3019 ἐπιφάνεια

569 3024 738 3093 καθ’
763 3021 943 3093 ἀὐτὸ
987 3031 1384 3115 κεχρῶσθαι.
1444 3028 1735 3119 Δ(Ξοιῑηιε
1794 3037 1960 3099 enim
2018 3032 2295 3099 inficitur
2343 3033 2494 3098 albo
2541 3033 2788 3113 colore,

572 3142 885 3219 quatenus
933 3143 1204 3198 extrema
1251 3137 1386 3199 eius
1430 3156 1595 3221 pars,
1640 3137 2027 3223 superficieS,
2073 3159 2154 3202 eo
2202 3137 2426 3203 colore
2469 3136 2786 3214 inficitur3

569 3237 937 3324 superficies
996 3260 1153 3304 vero
1211 3241 1349 3324 ipsa
1402 3261 1521 3324 per
1564 3262 1635 3305 se
1679 3242 1974 3306 inficitur.
2064 3240 2198 3306 Ubi
2243 3252 2450 3307 autem
2497 3241 2579 3305 ad
2625 3240 2787 3306 defi-

568 3340 872 3406 niendum
918 3335 996 3406 τὸ
1042 3364 1156 3421 τηε
1200 3343 1573 3408 adhibemus
1616 3336 1694 3408 τὸ
1740 3342 1909 3408 καθ’
1949 3339 2114 3409 αὑτό
2127 3392 2144 3422 ,
2199 3344 2371 3410 illam
2428 3348 2783 3432 cogitamus

567 3447 919 3522 notionem,
966 3467 1088 3531 qua
1132 3442 1301 3510 καθ’
1340 3443 1505 3512 αὑτό
1549 3448 1619 3512 id
1663 3447 1996 3535 significat,
2042 3447 2216 3534 quod
2261 3451 2327 3512 in
2373 3452 2509 3535 ipsa
2555 3458 2782 3513 natura

568 3546 835 3611 alieuius
890 3551 987 3612 rei
1041 3547 1145 3612 vel
1192 3552 1448 3636 generis
1493 3554 1677 3615 inest.
1767 3553 2120 3637 Propterea
2166 3551 2346 3617 dicitz
2404 3550 2486 3617 οὐ
2526 3549 2655 3638 γὰρ
2701 3546 2778 3617 τὸ

568 3645 777 3727 οὕτως
829 3647 994 3715 καθ’
1036 3646 1199 3716 αὐτὸ
1261 3654 1413 3732 (int.
1471 3656 1726 3737 λέγεται
1782 3656 1846 3721 τί
1900 3645 1986 3735 ἦν
2031 3652 2236 3735 εἶναι)
2295 3654 2383 3731 ὡς
2425 3651 2779 3744 ἐπιφάνεια

566 3749 795 3819 λευκόν
840 3758 919 3833 (i.
954 3777 1008 3820 e.
1056 3752 1145 3831 ὡς
1187 3751 1230 3834 ἡ
1286 3752 1646 3844 ἐπιφάνεια>
1695 3760 1953 3843 λέγεται
1992 3756 2158 3823 καθ’
2201 3753 2409 3839 αὐτὴν
2452 3752 2643 3838 λευκὴ
2689 3753 2779 3823 εἶ-

565 3864 747 3935 ναι),
794 3852 898 3922 ὅτι
941 3856 1056 3924 οὐκ
1102 3861 1241 3925 ἔστι
1282 3851 1360 3923 τὸ
1404 3863 1761 3951 ἐπιφανείᾳ
1805 3857 1973 3928 εἶναι
2016 3856 2094 3927 τὸ
2140 3863 2343 3946 λευκῷ
2388 3859 2578 3939 εἶναι,
2625 3861 2684 3924 h.
2719 3883 2775 3926 e.

566 3961 740 4046 quod
787 3972 1010 4029 natura
1056 3962 1419 4048 superficiei
1462 3985 1598 4030 non
1643 3970 1921 4032 cernitur
1965 3968 2030 4031 in
2063 3987 2161 4046 eo,
2211 3966 2384 4053 quod
2417 3976 2514 4031 est
2540 3964 2773 4030 infecta

521 4050 787 4130 ‘colore
838 4064 1008 4131 albo.
1099 4067 1354 4153 Quodsi
1414 4072 1553 4153 quis
1598 4071 1664 4133 in
1710 4066 2081 4135 definiendo
2126 4073 2218 4154 τῷ
2262 4092 2376 4150 τηε
2423 4070 2775 4158 ἐπιφανείᾳ

565 4169 705 4246 hoc,
750 4170 924 4255 quod
970 4170 1167 4236 modo
1213 4175 1587 4251 notavimuS,
1631 4175 1852 4238 vitium
1896 4178 1981 4239 ita
2027 4175 2147 4239 sibi
2183 4174 2480 4239 videatur
2517 4175 2773 4251 evitare,

563 4281 636 4336 ut
676 4276 1032 4361 ἐπιφανείᾳ
1087 4278 1154 4339 in
1209 4278 1347 4361 ipsa
1394 4275 1773 4342 definitione
1818 4276 2038 4355 addat,
2094 4278 2296 4343 veluti
2340 4281 2395 4342 si
2441 4275 2637 4342 dieat:
2694 4269 2771 4341 τὸ

561 4379 915 4466 ἐπιφανείᾳ
972 4373 1142 4443 εἶναί
1195 4383 1334 4445 ἐστι
1370 4372 1453 4445 ,τὸ
1498 4383 1855 4468 ἐπιφανείᾳ
1898 4381 2087 4471 λευκῇ
2134 4375 2328 4463 εἶναι,
2384 4404 2468 4449 ne
2523 4385 2579 4447 is
2638 4382 2770 4468 qui·
