3043 4973
1174 247 1237 319 Θ
1281 247 1351 322 3.
1433 248 1621 324 1047
1634 273 1703 323 a.
2394 250 2538 327 385

332 424 461 488 nisi
502 444 691 509 quum
737 422 891 509 quid
935 426 1142 503 sentit,
1187 428 1474 512 sequitur
1519 434 1589 491 ut
1623 425 1895 495 eundem
1936 448 2130 515 saepe
2165 427 2398 495 eodem
2434 428 2541 496 die

335 536 403 592 et
446 547 700 592 caecum
749 550 888 593 esse
930 528 1218 594 iudicent
1262 542 1325 595 et
1367 529 1706 596 videntem.

458 632 645 696 Haec
680 635 971 696 universa
1010 636 1367 721 argumenti
1402 636 1595 710 ratio;
1643 633 1912 723 singulis
1947 637 2013 698 in
2049 636 2263 701 verbis
2299 647 2543 703 restant

334 756 498 822 qnae
545 735 1025 823 explicationem
1073 741 1410 824 requirant.
1460 776 1542 789 —
1583 739 1709 804 ⁶34
1758 733 1919 803 οὔτ’
1959 734 2325 823 οἰκοδόμος.
2397 742 2543 805 Par·

332 839 567 904 ticulae
603 835 752 906 οὕτε
787 840 1019 906 deinde
1055 845 1355 928 opposita
1395 850 1492 906 est
1525 851 1685 928 part.
1723 843 1793 907 δέ
1826 843 1989 907 σ35ε
2030 838 2274 926 ὁμοίως
2310 843 2379 908 δὲ
2412 845 2542 924 καί,

262 945 265 949 ’
319 943 415 1035 ,οἱ
453 943 532 1008 ad
567 945 629 1008 Z
659 947 762 1010 16.
803 945 1006 1010 luston
1026 948 1091 1010 6.
1126 981 1208 996 —
1247 947 1376 1011 ⁶37
1416 941 1886 1031 μανθάνοντα.
1963 946 2047 1010 Et
2088 956 2358 1032 propter
2401 969 2543 1014 sen-

332 1050 596 1113 tentiam
642 1059 707 1113 et
749 1060 1015 1136 propter
1057 1048 1526 1116 similitudinem
1575 1049 1833 1115 alterius
1871 1072 1931 1113 v.
1973 1044 2274 1133 λαβόντα
2312 1052 2544 1137 proba-

333 1150 526 1217 bilius
558 1151 811 1217 videtur
839 1152 1241 1217 scribendum
1274 1174 1414 1218 esse
1450 1148 1880 1236 μαθόντα,
1925 1151 2102 1238 quod
2132 1153 2329 1219 habet
2358 1155 2540 1221 Alex.

336 1279 398 1344 p.
422 1258 572 1335 540,
605 1259 708 1322 15.
742 1294 823 1308 -
863 1258 956 1320 112
1001 1254 1081 1322 οὐ
1121 1254 1250 1342 γὰρ
1296 1250 1378 1336 δὴ
1423 1258 1545 1321 τοῦ
1584 1279 1656 1340 ys
1692 1251 2084 1344 πράγματος
2122 1258 2542 1344 φθαρέντος·

335 1357 443 1425 ἀεὶ
486 1354 614 1447 γάρ
658 1364 853 1425 ἐστιν.
917 1362 1086 1447 Voc.
1116 1359 1393 1446 πρᾶγμα
1427 1357 1725 1424 facillime
1758 1358 2012 1425 videtur
2041 1359 2315 1448 intelligi
2347 1384 2542 1448 posse

336 1462 421 1529 de
465 1467 725 1529 materia
769 1468 888 1530 arti
933 1466 1121 1530 alicui
1166 1462 1451 1529 subiecta
1497 1464 1617 1544 (cf.
1649 1463 1827 1529 Alex.
1859 1486 1922 1550 p.
1947 1464 2096 1542 540,
2125 1465 2242 1529 21:
2288 1462 2368 1530 οὐ
2408 1460 2545 1551 μὴν

333 1567 457 1634 τοῦ
509 1590 581 1651 ys
637 1562 1029 1655 πράγματος
1072 1570 1183 1634 καὶ
1224 1569 1346 1649 τῆς
1388 1563 1549 1647 ὕλης
1593 1569 2043 1657 φθαρείσης),
2101 1576 2174 1632 ut
2217 1568 2327 1634 Ar.
2374 1568 2545 1637 dicat

335 1671 717 1737 aedificandi
765 1671 1032 1738 aliamve
1076 1684 1271 1738 artem
1318 1693 1451 1737 non
1500 1693 1641 1736 esse
1684 1670 1837 1736 inde
1881 1691 2280 1757 suspensam,
2334 1685 2543 1741 utrum

335 1774 585 1862 lapides
644 1797 721 1840 ac
774 1775 951 1866 ligna
1008 1787 1352 1864 suppetant
1405 1796 1627 1841 necne.
1717 1773 1848 1855 Sed
1892 1774 2052 1839 haec
2093 1778 2542 1863 interpretatio

337 1880 580 1945 admitti
637 1901 773 1945 non
830 1891 1051 1967 potest
1104 1892 1370 1969 propter
1424 1881 1708 1968 proxima
1765 1879 1992 1944 verba:
2052 1875 2157 1945 ἀεὶ
2210 1876 2339 1966 γάρ
2389 1887 2545 1964 ἐστι,

339 2005 503 2070 quae
547 1983 630 2050 de
673 1986 930 2050 materia
976 1989 1127 2051 artis
1171 1985 1466 2073 profecto
1508 1983 1639 2048 tlici
1671 1992 2011 2070 nequeunt.
2089 1984 2310 2070 ltaque
2342 2008 2421 2051 eo
2452 1977 2568 2052 vi?

338 2087 562 2153 demur
607 2090 806 2177 adigi,
849 2099 920 2154 ut
960 2092 1238 2177 πρᾶγμα
1284 2111 1422 2155 esse
1465 2099 1761 2176 putemus
1805 2090 2006 2174 ipsam
2054 2096 2278 2151 artem:
2331 2101 2547 2172 artem,

340 2197 432 2258 ait
466 2196 592 2272 Ar„
636 2197 863 2259 amittit
906 2197 1215 2282 quispiam
1258 2217 1375 2282 per
1418 2193 1810 2258 oblivionem
1856 2191 1963 2257 vel
2008 2189 2147 2255 aliis
2194 2190 2277 2257 de
2322 2199 2546 2277 causis,

338 2319 464 2363 nec
516 2318 673 2363 vero
733 2296 911 2384 quod
969 2302 1105 2386 ipsa
1163 2320 1264 2364 ars
1308 2298 1727 2375 interciderit,
1786 2318 1862 2361 ea
1908 2298 2075 2361 enim
2122 2306 2380 2362 aeterna
2429 2310 2566 2365 est..
2619 2379 2624 2382 ,

340 2401 705 2468 Alexander
748 2422 868 2490 pro
916 2425 975 2466 v.
1017 2399 1122 2468 ἀεί
1166 2407 1231 2467 in
1276 2413 1451 2468 textu
1495 2388 1722 2466 habuit
1763 2410 1923 2488 part.
1956 2404 2028 2478 εἰ,
2071 2402 2138 2464 in
2185 2422 2308 2488 qua
2355 2403 2549 2491 expli-

340 2505 544 2572 canda
589 2507 821 2573 frustra
864 2506 1119 2573 videtur
1161 2507 1455 2573 laborare
1497 2530 1557 2593 p.
1586 2508 1733 2584 540,
1762 2508 1869 2572 25.
1908 2543 1989 2557 -
2030 2504 2123 2569 113
2169 2500 2334 2573 ὅταν
2376 2503 2549 2573 παύ-

338 2632 555 2691 σηται,
600 2607 717 2695 οὐχ
763 2607 889 2688 ἕξει
928 2603 1053 2690 τὴν
1095 2615 1346 2697 τέχνην.
1426 2612 1605 2676 Haec
1650 2609 1955 2697 apodosis
2002 2629 2223 2694 parum
2269 2613 2551 2675 concinit

340 2738 483 2781 cum
528 2717 801 2802 protasi:
847 2718 904 2780 εἰ
946 2704 1064 2780 οὖν
1109 2711 1458 2782 ἀδύνατον.
1540 2714 1738 2800 Quod
1786 2716 1951 2779 enim
1996 2716 2062 2777 in
2095 2717 2338 2800 protasi
2369 2713 2549 2779 dixit:

340 2824 395 2885 si
440 2819 585 2884 fieri
629 2839 764 2884 non
807 2830 1024 2905 potest
1066 2830 1138 2885 ut
1182 2824 1320 2906 quis
1367 2819 1554 2886 aliter
1595 2823 1841 2884 amittat
1883 2827 2098 2898 artem,
2142 2820 2265 2882 nisi
2304 2817 2550 2883 oblivio

342 2935 411 2990 et
454 2923 711 3013 longius
755 2927 1060 3010 temporis
1106 2928 1373 3011 spatium
1418 2927 1889 3005 intercesserit„
1935 2922 2087 2989 inde
2144 2943 2279 2987 non
2336 2932 2555 3009 potest

343 3028 670 3093 concludi:
716 3048 852 3093 non
894 3028 1154 3094 habebit
1198 3041 1394 3095 artem
1441 3029 1817 3116 simulatque
1855 3050 1992 3093 eam
2024 3047 2319 3094 exercere
2352 3025 2554 3091 desie-

341 3137 442 3212 rit,
487 3131 604 3197 sed
647 3135 853 3218 ipsum
899 3136 1300 3218 contrarium.
1379 3133 1600 3219 Quare
1645 3135 1925 3200 arbitror
1969 3142 2079 3197 aut
2112 3129 2554 3217 interrogandi

342 3235 714 3325 particulam
773 3239 934 3314 πῶς
988 3240 1054 3302 in
1112 3240 1238 3303 hoc
1294 3242 1634 3303 enunciato
1686 3236 1958 3324 perinde
2004 3234 2362 3300 addendam
2410 3254 2553 3298 esse

344 3351 538 3427 atque
584 3341 798 3406 addita
846 3351 943 3407 est
984 3344 1052 3406 in
1100 3344 1409 3428 proximo,
1451 3344 1572 3406 ⁶4:
1627 3345 1764 3418 πῶς
1808 3334 2056 3424 λαβών,
2102 3337 2278 3424 quod
2323 3336 2555 3402 confir·

343 3449 500 3511 mari
531 3444 785 3509 videtur
818 3449 1342 3533 interpretatione
1366 3445 1553 3510 Alex.
1585 3471 1647 3533 p.
1673 3448 1821 3524 540,
1850 3447 1967 3511 29:
2007 3446 2161 3522 πῶς,
2193 3437 2358 3509 ὅταν
2387 3436 2558 3508 παύ-

344 3572 543 3630 σηται
590 3546 627 3614 ὁ
675 3544 1024 3633 οἰκοδόμος
1067 3551 1186 3616 τοῦ
1230 3549 1602 3635 οἰῖιοδομεῖν
1645 3589 1733 3599 -
1779 3546 1897 3634 οὐχ
1943 3544 2066 3626 ἕξει
2116 3541 2240 3627 τὴν
2298 3547 2555 3613 οἰκοδο-

344 3650 572 3740 μικήνε
627 3665 738 3718 aut
793 3658 848 3719 si
903 3655 1063 3719 haec
1121 3653 1480 3720 emendatio
1527 3653 1832 3719 audacior
1880 3651 2200 3732 videatur,
2258 3662 2407 3737 post
2453 3645 2555 3715 τέ·-

339 3780 510 3843 χνην
564 3758 773 3823 lenius
828 3757 1350 3847 distinguendum
1407 3768 1472 3822 et
1515 3758 1674 3823 haec
1716 3757 1910 3822 verba
1957 3778 2097 3821 cnm
2144 3755 2557 3842 sequentibus

346 3866 543 3927 artius
600 3862 1050 3950 coniungenda
1111 3884 1280 3940 esse,
1344 3862 1521 3947 quasi
1580 3860 1832 3947 plenius
1889 3863 1982 3926 sic
2038 3861 2274 3926 dictum
2334 3863 2444 3925 sit:
2505 3863 2561 3923 εἰ

345 3960 517 4032 κατὰ
561 3960 715 4043 τοὺς
757 3959 1175 4051 Μεγαρικοὺς
1220 3963 1384 4032 ὅταν
1430 3961 1766 4044 παύσηται
1810 3962 1927 4049 οὐχ
1973 3961 2095 4043 ἕξει
2140 3956 2263 4043 τὴν
2307 3967 2555 4049 τέχνην,

346 4071 484 4145 πῶς
529 4063 754 4152 λαβὼν
795 4066 996 4136 πάλιν
1034 4063 1238 4146 εὐθὺς
1275 4064 1727 4151 οἰκοδομήσας
1767 4106 1846 4120 -
1886 4071 1978 4133 ⁸6
2014 4061 2109 4152 μὴ
2146 4067 2562 4149 αἰσθανομέ-

347 4195 502 4240 νων.
587 4172 981 4259 Quamquam
1031 4173 1216 4238 codd.
1263 4171 1468 4237 Bekk.
1518 4192 1741 4237 omnes
1784 4170 2082 4237 videntur
2128 4169 2423 4237 exhibere
2468 4168 2560 4233 le-

350 4279 631 4341 ctionem
660 4271 753 4361 μὴ
790 4275 1308 4363 αἰσθανόμὲνον,
1345 4286 1556 4341 tamen
1586 4298 1719 4341 non
1753 4276 2037 4342 dubitavi
2068 4299 2207 4341 cum
2239 4274 2384 4339 edd.
2415 4271 2561 4337 Ald.

351 4380 534 4468 Sylb.
567 4383 747 4445 Bess.
795 4381 1072 4449 scribere
1116 4382 1184 4447 id
1220 4380 1396 4469 quod
1426 4385 1740 4448 sententia
1771 4380 2046 4469 flagitat:
2087 4370 2182 4465 μὴ
2229 4378 2566 4444 αἰσθανο-

441 4488 646 4541 Aristot.
670 4489 888 4558 metaph.
914 4489 994 4543 ed.
1017 4489 1202 4543 Bonitz
1222 4490 1339 4544 Vol.
1361 4491 1425 4543 Π.
2090 4486 2159 4539 25
2185 4490 2188 4493 ’
