3043 4973
305 1304 794 1450 Metaphysici
826 1368 932 1452 qui
965 1365 1255 1432 feruntur
1286 1363 1649 1433 Aristotelis
1682 1363 1833 1431 libri
1872 1372 2081 1431 utrum
2116 1386 2338 1432 omnes
2379 1369 2506 1433 sint

299 1469 563 1556 genuini
608 1490 690 1532 an
730 1472 954 1555 partim
1001 1473 1213 1557 spurii,
1258 1480 1465 1536 utrum
1512 1468 1742 1547 ,eodem
1789 1490 1917 1556 quo
1959 1490 2133 1535 nunc
2164 1468 2506 1558 vulgantur

299 1592 379 1636 an
423 1570 555 1636 alio
602 1570 831 1638 ordine
878 1571 956 1638 ab
998 1572 1347 1639 Aristotele
1392 1575 1611 1658 scripti
1654 1575 1782 1638 sint
1824 1595 1901 1638 ac
1945 1572 2270 1660 dispositi,
2329 1572 2505 1638 deni-

299 1698 417 1761 que
462 1697 619 1740 num
665 1678 1020 1741 universam
1081 1674 1587 1764 complectantur
1630 1678 1872 1763 primae
1914 1672 2366 1764 philosophiae
2409 1679 2505 1742 in·

299 1782 692 1845 stitutionem
738 1801 820 1844 an
863 1780 1221 1845 inchoatam
1266 1778 1659 1867 relinquant,
1704 1788 1769 1845 et
1813 1801 1850 1844 a
1892 1777 2214 1844 veteribus
2261 1779 2506 1845 Aristo-

299 1880 440 1947 telis
478 1882 933 1969 interpretibus
972 1887 1150 1949 varie
1187 1894 1287 1950 est
1314 1883 1636 1971 proditum
1670 1892 1735 1948 et
1762 1884 2122 1948 recentiore
2156 1903 2319 1947 aevo
2348 1882 2505 1947 mul·

298 1996 423 2051 tum
469 2009 505 2050 a
552 1988 704 2051 viris
742 1985 949 2051 doctis
989 1986 1342 2053 dubitatum
1378 1994 1476 2052 est
1511 1996 1576 2053 et
1605 1985 2043 2074 disceptatum.
2110 1982 2505 2051 Peculiarem

298 2111 571 2177 operam,
618 2099 688 2155 ut
731 2099 970 2155 taceam
1019 2111 1132 2155 eos
1179 2094 1284 2177 qui
1331 2088 1504 2155 aliud
1549 2097 1814 2179 agentes
1853 2112 1987 2154 rem
2031 2090 2394 2177 tetigerunt,
2435 2093 2505 2154 in

295 2193 391 2257 his
421 2194 906 2280 quaestionibus
937 2193 1338 2259 instituendis
1370 2203 1724 2281 posuerunt
1752 2194 2018 2270 Petitus,
2050 2190 2275 2269 Buhle‚
2303 2195 2506 2271 Tine,

294 2296 598 2375 BrandiS‚
646 2297 980 2377 Michelet,
1023 2298 1411 2377 Ravaisson,
1455 2295 1974 2375 Brummerstadt,
2019 2295 2307 2373 Krische,
2354 2294 2505 2361 Gla-

296 2420 396 2464 ser
423 2400 497 2483 ¹).
573 2398 671 2465 Ab
719 2402 814 2466 his
857 2403 1011 2466 viris
1055 2399 1262 2466 doctis
1307 2423 1500 2488 quum
1548 2400 1684 2465 fere
1716 2402 1944 2478 omnia,
1990 2419 2408 2485 quaecunque
2436 2401 2504 2464 in

297 2503 791 2592 disputationem
822 2508 1041 2571 venire
1073 2514 1360 2592 possunt,
1396 2507 1665 2591 copiose
1694 2507 1824 2569 sint
1854 2513 1919 2569 et
1948 2502 2229 2568 diversas
2267 2505 2334 2567 in
2365 2526 2505 2590 par-

294 2615 388 2673 tes
440 2608 822 2695 disceptata,
879 2613 1001 2674 iam
1046 2609 1352 2689 breviter,
1413 2618 1714 2695 quantum
1772 2607 1854 2672 ad
1898 2605 2359 2694 intelligendos
2404 2627 2505 2671 ex-

295 2709 755 2797 plicandosque
799 2715 977 2799 ipsos
1023 2710 1224 2777 libros
1268 2714 1603 2798 pertineat,
1649 2733 1812 2798 quae
1857 2711 1938 2776 ad
1986 2713 2311 2776 veritatem
2356 2731 2505 2797 pro-

294 2817 454 2880 xime
501 2814 810 2879 accedere
851 2813 1193 2887 videantur
1236 2813 1640 2901 complectar.

424 2917 715 2982 Titulum
759 2918 1102 3006 vulgatum,
1149 2914 1234 2983 τὰ
1264 2911 1431 3002 μετὰ
1463 2911 1550 2981 τὰ
1585 2912 1849 3006 φυσικά,
1893 2939 2027 2983 non
2065 2916 2145 2983 ab
2183 2920 2323 3005 ipso
2364 2937 2506 2981 esse

299 3020 646 3085 Aristotele
691 3021 787 3085 his
830 3020 1006 3086 libris
1053 3024 1440 3109 inscriptum,
1487 3019 1651 3085 adeo
1700 3031 1795 3085 est
1835 3023 1973 3086 veri
2009 3018 2228 3100 simile,
2274 3031 2349 3085 ut
2385 3040 2505 3107 pro

299 3134 474 3188 certo
520 3123 740 3187 haberi
785 3128 1005 3211 possit.
1085 3124 1462 3190 Aristoteles
1509 3126 1674 3188 enim
1723 3147 1914 3211 quum
1958 3128 2025 3188 in
2069 3123 2245 3188 libris
2290 3123 2506 3209 physi-

302 3229 384 3291 cis
442 3228 699 3312 saepius
756 3230 1054 3314 respiciat
1111 3227 1570 3315 disputationes
1632 3226 1773 3291 illas
1834 3238 1900 3291 et
1956 3230 2363 3313 quaestiones
2424 3225 2507 3290 de

306 3333 549 3393 summis
580 3350 791 3393 rerum
822 3334 1145 3418 principiis
1177 3329 1617 3408 instituendaS,
1651 3352 1810 3416 quae
1840 3328 2017 3393 libris
2052 3328 2503 3415 metaphysicis

308 3437 722 3512 continentur,
753 3456 1070 3521 nunquam
1094 3435 1212 3499 hos
1234 3433 1434 3498 libros
1456 3434 1588 3498 τῶν
1614 3426 1781 3517 μετὰ
1814 3426 1896 3497 τὰ
1928 3428 2192 3522 φυσικά,
2222 3431 2336 3496 sed
2368 3430 2507 3496 ubi-

404 3597 469 3668 1)
512 3602 707 3654 Petitus
741 3602 1018 3658 Miscellan.
1054 3603 1140 3666 IV,
1180 3618 1228 3658 9.
1309 3602 1474 3654 Buhle
1508 3602 1795 3656 Bibliothek
1829 3603 1920 3655 der
1953 3604 2084 3655 alten
2117 3602 2367 3656 Literatur
2400 3602 2508 3654 und

297 3687 473 3739 Kumt.
502 3702 657 3742 1788.
681 3689 767 3740 lv.
790 3710 843 3759 p.
867 3705 892 3743 1
909 3722 972 3732 —
991 3703 1072 3742 ⁴2.
1131 3689 1272 3741 Titze
1298 3689 1361 3741 de
1384 3688 1659 3740 Aristotelis
1697 3708 1908 3759 operum
1943 3689 2068 3741 serie
2103 3703 2155 3740 et
2177 3688 2504 3740 distinctione.

300 3787 451 3827 1827.
487 3794 539 3842 p.
582 3789 858 3829 *zo—11³.
931 3772 1145 3826 Brandis
1179 3774 1456 3827 Denkschr.
1493 3774 1585 3825 der
1617 3774 1754 3826 Berl.
1789 3773 1950 3827 Akad.
1993 3789 2145 3830 18³4.
2180 3796 2232 3844 p.
2264 3789 2505 3830 σει-87.

295 3857 535 3909 Michelet
564 3859 791 3911 Examen
835 3859 1041 3929 critique
1078 3861 1140 3911 de
1174 3859 1421 3925 l'ouvrage
1459 3859 1728 3911 d'Aristote
1763 3860 1955 3912 intitule
1987 3861 2366 3934 Metaphysique
2413 3874 2506 3913 etc.

299 3957 451 4005 1836,
487 3958 539 3994 et
572 3945 746 3998 Jahrb.
784 3947 866 3996 fiir
898 3944 1184 3996 wissensch.
1221 3945 1393 3996 Kritik.
1436 3960 1589 4000 1841.
1625 3947 1815 3998 Novbr.
1853 3946 1952 3998 No.
1995 3960 2237 4001 81-85.
2304 3947 2507 3999 Ravais-

293 4049 389 4082 son
431 4029 576 4081 Essai
619 4051 706 4082 sur
746 4031 795 4082 la
830 4030 1208 4104 Metaphysique
1254 4030 1538 4083 d'Arist'ote.
1591 4031 1756 4083 Tome
1793 4032 1833 4083 I.
1884 4045 2035 4087 1837.
2110 4031 2510 4092 Βωῐιιωετσῑέἆῑ

293 4115 467 4167 'Ueber
500 4116 667 4167 Inhalt
698 4116 807 4166 und
843 4116 1279 4182 zusammenhang
1314 4118 1404 4169 der
1438 4117 1867 4191 metaphysischen
1900 4117 2104 4169 Biicher
2142 4118 2228 4169 des
2263 4118 2501 4170 Aristote-

294 4201 382 4252 les.
423 4215 577 4256 1840.
650 4201 855 4253 Krische
890 4202 1250 4267 Forschungen
1286 4205 1379 4255 auf
1407 4203 1524 4255 dem
1555 4204 1765 4257 Gebiete
1802 4203 1893 4254 der
1927 4204 2059 4255 alten
2091 4203 2429 4273 Philosophie.
2464 4204 2504 4254 Ι.

301 4301 450 4342 1840.
486 4307 540 4357 p.
583 4301 760 4342 263—
776 4301 893 4341 276.
975 4287 1151 4340 Glaser
1183 4288 1283 4340 Die
1318 4288 1636 4362 Metaphysik
1672 4289 1758 4342 des
1793 4288 2081 4342 Aristoteles
2113 4291 2244 4343 nach
2281 4291 2506 4359 Compo-

294 4372 654 4438 sition‚1nhalt
688 4374 795 4427 und
828 4373 1086 4427 Methode.
1130 4388 1280 4430 1841.

2036 4463 2062 4513 1
2079 4461 2103 4485 Ο
