3043 4973
500 266 598 342 72
1349 266 1426 345 A
1472 264 1544 339 4.
1620 262 1851 340 9841).

500 481 589 496 -
621 443 725 510 64.
805 442 1182 530 Leucippus
1224 451 1290 508 et
1330 443 1778 524 Democritus,
1815 440 2083 528 plenum
2123 448 2192 505 et
2230 439 2431 504 hane
2463 440 2720 526 prinei·

489 550 619 635 pia
662 568 807 613 esse
845 568 1066 613 rerum
1107 549 1277 630 rati,
1332 570 1420 613 σε
1453 544 1696 635 sormi
1737 546 1872 611 situ
1914 543 2147 611 ordine
2187 543 2720 630 carpum-mn

500 650 945 717 diversitatem
985 673 1207 716 rerum
1248 651 1738 737 explicam-unt,
1790 647 1875 714 de
1921 649 2190 714 metrice
2233 670 2439 713 ema
2473 670 2719 734 parm

501 755 772 821 solliciti
813 792 904 805 --
946 754 1092 819 ⁶22.

634 874 798 939 984b
822 874 908 939 23
944 866 1487 939 ὑποπτεύσειε
1524 867 1585 937 δ’
1620 864 1722 938 ἄν
1759 894 1882 947 τις
1909 907 1987 920 -
2026 870 2117 936 32
2145 871 2457 956 κρίνειν
2483 864 2722 935 ὕστε-

503 998 671 1064 ρον.
740 975 1063 1041 Hesiodus
1107 979 1175 1041 in
1215 975 1571 1063 theogonia
1614 999 1676 1041 v.
1712 975 2089 1041 lle-120
2119 984 2186 1038 et
2212 972 2621 1038 Parmenides
2653 974 2722 1036 in

507 1101 580 1144 ea
628 1091 809 1167 parte
855 1082 1178 1159 carminis,
1235 1100 1355 1165 qua
1413 1077 1727 1144 accedens
1780 1078 1865 1143 ad
1906 1070 2234 1166 vulgarem
2282 1079 2720 1163 opinationem

506 1187 985 1272 generationem
1032 1130 1246 1248 studet
1290 1181 1609 1270 explicare
1644 1184 1863 1248 v.131
1915 1184 2143 1260 Kal-st„
2189 1176 2365 1268 quod
2408 1181 2724 1258 Amorem,

497 1281 772 1374 Ἔρωτα,
817 1307 940 1372 pro
982 1289 1299 1374 principio
1345 1296 1719 1372 posuerunt,
1767 1306 1881 1351 eos
1926 1285 2129 1350 simile
2172 1283 2340 1371 quid,
2384 1275 2461 1349 τὸ
2506 1284 2724 1348 τοιοῦ·

508 1412 646 1469 τον,
677 1392 1063 1476 quaesivisse
1094 1389 1471 1455 Aristoteles
1500 1393 1877 1476 suspicatur.
1940 1389 2017 1456 In
2047 1391 2411 1474 suspicione
2443 1388 2726 1473 acquies-

510 1496 611 1572 cit,
643 1515 765 1558 nec
791 1514 914 1580 pro
949 1504 1126 1559 certo
1159 1493 1498 1580 quidquam
1530 1496 1747 1558 statuit
1768 1503 2130 1582 propterea,
2162 1490 2339 1578 quod
2371 1487 2723 1555 fabularum

508 1597 855 1662 involucris
898 1601 1038 1683 ipsa
1085 1596 1340 1662 obtecta
1388 1609 1484 1661 est
1528 1598 1755 1662 horum
1793 1599 2077 1661 virorum
2119 1596 2454 1660 sententia.
2523 1590 2726 1678 Quod

510 1709 721 1765 autem
767 1699 925 1765 dicit
965 1694 1041 1764 τὸ
1086 1704 1389 1767 τοιοῦτον
1433 1701 1711 1781 ζητῆσαι
1754 1696 2158 1766 referendum
2201 1708 2299 1763 est
2334 1696 2415 1762 ad
2451 1707 2726 1761 extrema

510 1806 861 1890 superioris
921 1806 1144 1890 capitis
1203 1803 1434 1880 verba;
1493 1809 1601 1891 qui
1648 1805 1944 1869 Amorem
2003 1806 2070 1866 in
2127 1804 2452 1890 principiis
2496 1822 2728 1887 posue-

510 1919 690 1985 runt,
751 1930 885 1972 eam
934 1909 1389 1993 quaesiverunt
1430 1930 1708 1987 causam,
1763 1929 1930 1994 quae
1989 1906 2212 1972 eadem
2269 1916 2332 1971 et
2373 1903 2584 1971 finalis
2630 1915 2748 1970 est·

515 2021 581 2076 et
624 2031 908 2076 movens.
999 2010 1394 2097 Quamquam
1451 2015 1617 2076 enim
1663 2011 1782 2077 sub
1825 2012 2017 2077 finem
2064 2010 2251 2075 huius
2297 2011 2729 2097 expositionis,

514 2135 677 2202 quae
724 2126 822 2180 est
867 2114 950 2180 de
994 2110 1290 2180 He'siodo
1338 2127 1405 2180 et
1442 2115 1853 2195 Parmenffle,
1895 2119 2084 2181 unice
2127 2117 2454 2179 motricem
2498 2115 2730 2200 princi-

511 2220 604 2306 pii
650 2229 936 2284 naturam
981 2218 1327 2306 significat,
1385 2221 1608 2285 αἰτίαν
1665 2214 1810 2299 ἥτις
1850 2213 2098 2298 κινήσει
2153 2220 2264 2284 καὶ
2323 2213 2586 2297 συνάξει
2640 2210 2731 2280 τοὶ

512 2318 876 2408 πράγματα
909 2324 1055 2399 ὺ30,
1103 2334 1311 2387 tamen
1362 2334 1426 2387 et
1466 2323 1758 2408 profecta
1789 2332 1888 2386 est
1916 2323 2075 2386 haec
2105 2322 2451 2409 disputatio
2485 2344 2520 2385 a
2554 2341 2731 2384 men-

514 2427 693 2491 tione
740 2447 967 2492 causae
1011 2424 1222 2490 finalis
1259 2427 1361 2505 ⁶8,
1408 2434 1473 2490 et
1518 2425 1821 2512 deinceps
1868 2425 1951 2491 ad
1998 2426 2266 2492 eandem
2309 2425 2491 2504 redit,
2538 2445 2728 2511 quum

513 2530 969 2616 Empedoclem
1000 2529 1475 2617 pulchritudine
1505 2541 1573 2594 et
1602 2530 2004 2595 deformitate
2035 2541 2301 2596 naturae
2326 2533 2563 2617 pariter
2587 2551 2734 2615 spe-

514 2642 682 2698 ctata
730 2633 808 2698 ad
855 2634 1090 2721 duplex
1134 2636 1510 2719 principium
1560 2632 1904 2699 deductum
1942 2656 2084 2700 esse
2117 2633 2272 2698 dicit
2307 2636 2438 2699 ⁶32
2478 2654 2610 2719 sqq.
2645 2667 2727 2684 -

514 2737 994 2803 Parmenideum
1055 2759 1307 2802 versum
1355 2759 1546 2823 quum
1592 2737 1700 2801 alii
1751 2741 1937 2802 etiam
1983 2741 2326 2823 scriptores
2374 2735 2733 2814 adhibeant,

516 2839 596 2904 cf.
644 2840 855 2905 Karst.
904 2840 983 2904 ad
1028 2838 1072 2904 l.
1118 2840 1193 2921 1.,
1246 2862 1551 2926 nusquam
1597 2850 1805 2905 tamen
1854 2842 2004 2928 quid
2053 2841 2359 2931 sit‘verbi
2404 2843 2732 2927 μητίσατο

517 2941 868 3007 subiectum
916 2947 1384 3030 grammaticum
1430 2947 1768 3009 invenitur.
1847 2947 1941 3010 Ac
1969 2966 2204 3009 nomen
2240 2945 2510 3031 quidem,
2555 2942 2733 3030 quod

517 3050 809 3131 posuerit
851 3047 1290 3128 ParmenideS,
1350 3058 1556 3113 utrum
1603 3048 1797 3114 fuerit
1837 3043 2116 3133 ,Ἀνάγκη
2162 3048 2262 3113 vel
2309 3051 2499 3130 Δίκη,
2556 3046 2733 3134 quod

517 3149 966 3216 Stallbaumius
1003 3152 1210 3218 voluit
1240 3151 1320 3217 ad
1352 3152 1511 3219 Plat.
1544 3149 1763 3239 Symp'.
1799 3154 1928 3218 178
1941 3152 2002 3232 b,
2045 3174 2123 3217 an
2154 3153 2223 3217 Γ
2217 3156 2418 3230 ένεσις
2452 3150 2557 3217 vel
2592 3146 2736 3217 Φύ-

518 3272 643 3331 σις,
706 3264 775 3319 ut
816 3255 1029 3342 placet
1072 3256 1238 3336 aliis,
1296 3259 1576 3322 incertae
1623 3268 1723 3324 est
1767 3261 2170 3322 coniecturae
2215 3255 2732 3343 relinquendum3

519 3354 602 3419 de
633 3359 767 3441 ipsa
803 3379 873 3422 re
904 3361 1029 3424 hoc
1062 3370 1325 3439 constat,
1373 3383 1811 3448 quemcunque
1854 3365 2146 3449 posuerit
2188 3363 2458 3425 summi
2500 3362 2734 3447 princi-

516 3459 606 3543 pii
653 3465 971 3525 moventis
1016 3473 1368 3541 auctorem,
1430 3486 1570 3529 eum
1630 3464 1793 3529 adeo
1841 3464 2172 3529 indefinita
2218 3468 2489 3529 notione
2534 3464 2734 3528 fuisse

519 3562 1084 3650 circumscriptum,
1146 3575 1216 3630 ut
1264 3586 1389 3652 quo
1438 3589 1582 3631 eum
1631 3570 1887 3632 nomine
1934 3568 2356 3655 appellaverit
2400 3589 2534 3632 non
2576 3564 2735 3630 mul—

518 3673 650 3729 tum
694 3666 951 3733 referat.
1040 3667 1308 3734 Hesiodi
1356 3679 1562 3734 autem
1606 3693 1827 3736 versus
1877 3683 2214 3751 extremus,
2260 3671 2340 3736 ab
2388 3668 2734 3737 Aristotele

517 3768 746 3856 procul
793 3771 992 3837 dubio
1037 3776 1401 3838 memoriter
1437 3773 1679 3853 allatuS‚
1723 3778 1961 3839 nostris
1991 3778 2058 3840 in
2091 3775 2480 3840 editionibus
2510 3773 2731 3862 paullo

520 3871 709 3939 aliter
738 3875 1091 3941 exhibetur:
1138 3872 1246 3956 ἠδ’
1270 3870 1479 3961 ”Ερος,
1511 3870 1586 3953 ὃς
1620 3873 1966 3955 κάλλιστος
1996 3883 2065 3945 ἐν
2098 3873 2512 3946 ἀθανάτοισι
2541 3879 2733 3942 θεοῖ-

521 3995 647 4042 σιν.
736 3977 1011 4044 Videtur
1054 3990 1262 4043 autem
1308 3978 1687 4044 Aristoteles
1733 3981 2128 4047 aberravisse
2179 3983 2260 4048 ab
2303 3986 2460 4069 ipsis
2503 3984 2734 4046 Hesio-

523 4078 662 4145 deis
704 4080 915 4145 verbis
960 4082 1250 4147 similium
1297 4103 1592 4147 versuum
1637 4083 2087 4150 recordatione
2139 4086 2474 4173 deceptus,
2530 4083 2733 4148 veluti

521 4185 705 4250 Hom.
752 4184 824 4249 Il.
869 4186 921 4269 β
948 4188 1095 4252 579.
1142 4209 1190 4251 π
1224 4187 1370 4252 194.
1439 4187 1627 4272 Hym.
1673 4189 1739 4251 in
1772 4187 1987 4273 Apoll.
2025 4190 2174 4255 315.
2214 4193 2364 4256 327.
2397 4227 2481 4238 —
2529 4188 2733 4274 Quod

520 4297 731 4354 autem
777 4287 957 4369 dicit,
1005 4293 1143 4376 quis
1188 4292 1273 4353 sit
1314 4292 1554 4375 primus
1602 4288 1883 4356 eiusdem
1931 4298 2284 4360 sententiae
2329 4303 2554 4359 auctor
2597 4291 2736 4372 ἐξέ-

520 4412 651 4458 στω
695 4394 937 4478 κρίνειν
979 4389 1255 4479 ὕστερον
1285 4395 1431 4472 ῠ32,
1478 4391 1847 4482 quamquam
1894 4407 2121 4485 postea
2165 4398 2251 4464 de
2280 4397 2464 4464 simili
2495 4419 2569 4463 re
2599 4402 2734 4486 agi-
