3043 4973
1100 222 1169 290 A
1226 219 1336 292 13.
1421 219 1691 295 10200.
2359 226 2504 301 257

290 386 497 478 (πρὸς
534 371 675 473 ιτὴν
724 389 1027 479 πρώτην)
1084 405 1151 459 et
1206 418 1280 461 ex
1340 420 1461 483 qua
1520 398 1800 485 reliquae
1858 349 2188 488 pendeant
2245 399 2505 491 (κύριος

290 489 465 581 ὅρος,
513 496 593 560 cf.
640 494 725 560 ad
766 498 828 561 ὃ.
879 500 1080 565 101512
1122 502 1247 580 11)
1292 501 1371 566 ad
1419 501 1592 568 illam
1635 503 1998 571 referuntur
2041 504 2503 586 definitionem,

287 609 361 663 ut
402 602 488 697 sit
530 596 808 685 δύναμις
851 595 1022 687 ἀρχὴ
1065 605 1440 689 μεταβολῆς
1484 610 1554 671 ἐν
1599 599 1780 690 ἄλλῳ
1823 602 1868 686 ἢ
1907 599 1949 696 ᾖ
1995 602 2177 675 ἄλλο.

1134 866 1361 978 CAP.
1428 866 1640 940 xm.

419 1020 956 1104 Quantitatis,
1020 1025 1142 1089 τοῦ
1198 1028 1441 1103 ποσοῦ,
1510 1030 1695 1091 notio
1764 1029 2090 1114 copiosius
2159 1032 2499 1115 exponitur

286 1118 431 1188 Cat.
479 1125 538 1201 6,
583 1138 911 1210 praeterea
954 1128 1037 1192 cf.
1084 1129 1133 1193 I
1173 1132 1231 1193 1.
1290 1130 1483 1214 Phys.
1526 1132 1589 1191 V
1633 1132 1694 1210 3,
1741 1131 1850 1195 ubi
1899 1135 2336 1198 continuitatis
2381 1155 2499 1200 no-

283 1228 378 1291 tio
424 1227 785 1315 explicatur,
831 1233 1060 1298 Waitz
1097 1234 1259 1321 Org.
1307 1236 1380 1297 41·
1415 1235 1523 1298 20.
1587 1233 1892 1299 Trendel.
1941 1237 2088 1301 Kat.
2131 1260 2195 1323 p.
2229 1240 2316 1303 79
2355 1257 2494 1325 sqq.

284 1330 471 1414 Quae
528 1332 657 1398 hoc
710 1337 920 1421 capite
980 1339 1266 1422 exposita
1310 1347 1463 1401 sunt
1504 1337 1617 1403 ubi
1663 1358 1795 1404 non
1839 1359 2110 1426 prorsus
2149 1345 2498 1408 concinunt

285 1457 427 1500 cum
458 1436 734 1523 reliquie,
780 1461 935 1525 quas
966 1439 1306 1518 attulimus,
1343 1439 1708 1506 Aristotelis
1739 1442 2297 1530 disputationibus,
2339 1446 2498 1511 haec

283 1539 627 1628 disputatio
672 1541 1047 1629 plerumque
1091 1544 1361 1612 inferior
1404 1543 1532 1608 illis
1575 1545 1829 1611 videtur
1871 1568 2032 1612 esse.
2167 1573 2170 1578 ·

414 1648 496 1726 a)
544 1649 755 1713 1⁰20oe
794 1650 1056 1714 7--14.
1124 1650 1517 1734 Quantitatis
1559 1652 1743 1714 notio
1784 1649 2106 1731 definitur,
2152 1650 2492 1720 discretum

283 1758 346 1814 et
392 1753 760 1816 continuum
807 1754 1173 1837 quantitatis
1216 1772 1421 1842 genus
1467 1752 1958 1842 distinguuntur.
2005 1791 2090 1806 —
2144 1756 2379 1835 Partes,
2424 1758 2492 1822 in

280 1874 436 1940 quas
483 1853 682 1919 dividi
723 1864 941 1941 potest
984 1850 1060 1921 τὸ
1104 1854 1335 1936 ποσόν,
1378 1856 1553 1943 quod
1600 1856 1754 1923 dicit
1795 1858 2083 1947 singulas
2129 1880 2271 1923 esse
2315 1863 2388 1925 ἔν
2428 1883 2495 1925 τι

277 1959 390 2022 καὶ
433 1953 607 2046 τόδεὶ
626 1982 692 2024 τι
728 1961 838 2039 ⁶8,
882 1958 1187 2049 distingui
1225 1983 1332 2025 eas
1367 1961 1574 2026 voluit
1609 1961 1689 2026 ab
1725 1961 2179 2040 accidentibus,
2222 1964 2291 2027 in
2329 1983 2493 2049 quae

277 2060 530 2127 videtur
575 2060 773 2127 dividi
816 2085 1013 2150 posse
1060 2076 1358 2130 concreta
1404 2064 1728 2152 quaelibet
1769 2065 2149 2143 substantia3
2195 2065 2390 2152 plene
2435 2070 2490 2131 si

275 2165 585 2231 voluisset
640 2170 969 2233 notionem
1031 2168 1330 2248 definire,
1387 2168 1666 2234 debebat
1720 2169 1988 2247 addere,
2048 2173 2218 2256 ipsas
2264 2172 2491 2235 iterum

275 2281 489 2356 partes
537 2293 677 2336 esse
721 2267 900 2337 ποσά
947 2272 1066 2352 (cf.
1099 2270 1279 2337 Alex.
1312 2297 1371 2360 p.
1403 2276 1552 2352 359,
1588 2263 1720 2339 172'
1746 2267 1952 2349 οὕτως
1995 2277 2065 2338 ἕν
2109 2296 2172 2337 τι
2213 2271 2299 2350 ὡς
2337 2269 2490 2340 τόδε

272 2395 340 2437 τι
381 2376 494 2439 καὶ
536 2377 657 2455 τῆς
695 2373 903 2456 αὐτῆς
947 2373 1203 2465 φύσεως
1247 2380 1338 2461 τῷ
1382 2374 1781 2461 ὑποκειμένῳ
1827 2371 1995 2441 εἶναι
2007 2377 2055 2458 ),
2095 2375 2274 2442 unde
2303 2376 2491 2442 simul

274 2481 701 2566 apparuisset,
760 2483 941 2546 istam
1001 2480 1439 2547 definitionem
1493 2482 1562 2545 in
1610 2479 1848 2545 circulo
1893 2483 2154 2546 versari.
2198 2520 2288 2532 —
2341 2481 2490 2546 Dis-

275 2594 479 2649 cretas
519 2596 585 2649 et
621 2588 956 2652 continuas
997 2569 1468 2672 magnitudines
1499 2584 1796 2650 subtilius
1827 2584 2165 2672 distinguit
2194 2583 2338 2651 Cat.
2372 2585 2412 2649 l.
2443 2585 2486 2649 l.

269 2688 465 2774 Phys.
504 2688 545 2752 l.
578 2688 650 2765 1.;
696 2689 822 2753 hoc
868 2693 1034 2753 enim
1074 2689 1225 2754 loco
1266 2688 1442 2775 quod
1481 2687 1812 2753 vocabulis
1852 2685 2246 2775 ἀριθμητόν
2272 2699 2337 2752 et
2371 2711 2488 2773 με·

267 2788 515 2876 τρητόν
556 2814 629 2856 ea
668 2796 1035 2878 quantitatis
1073 2815 1310 2882 genera
1352 2793 1668 2870 discernit,
1709 2795 1965 2861 minime
2001 2789 2325 2856 videbitur
2357 2791 2486 2856 suf·

227 2964 233 2969 ,
267 2893 495 2973 ficere,
553 2899 607 2959 si
651 2899 1073 2983 reputaveris,
1128 2902 1330 2984 ipsum
1378 2903 1475 2976 ἕν,
1520 2896 1697 2983 quod
1745 2909 1840 2961 est
1883 2893 2187 2981 ἀριθμοῦ
2231 2888 2401 2978 ἀρχὴ
2444 2884 2485 2982 ᾖ

268 2995 574 3083 ἀριθμός
619 3000 668 3064 I
701 3003 761 3064 1.
809 3001 1011 3065 105212
1047 3002 1154 3080 24,
1199 3001 1326 3066 dici
1369 3004 1611 3087 μέτρον
1654 2997 2132 3087 ἀκριβέστατον
2177 3000 2386 3063 1053a
2426 3001 2485 3077 1,

269 3100 442 3166 unde
489 3120 890 3190 consequens
934 3116 1046 3183 est,
1092 3115 1164 3171 ut
1205 3109 1347 3191 ipse
1388 3124 1688 3168 numerus
1735 3105 1817 3167 sit
1859 3097 2199 3186 μετρητάς.
2266 3102 2485 3165 Proxi-

265 3209 387 3271 mis
445 3217 652 3272 autem
712 3207 922 3274 verbis
979 3210 1249 3288 πλῆθος
1303 3209 1423 3291 μὲν
1473 3197 1593 3271 οὖν
1636 3207 1770 3270 κτλ.
1819 3204 2129 3269 discretae
2176 3213 2240 3268 et
2281 3207 2482 3268 conti·-

267 3331 436 3375 nuae
493 3311 943 3399 magnitudinis
1008 3312 1346 3378 discrimen
1410 3330 1544 3374 uon
1603 3308 1932 3387 describit,
1991 3307 2107 3373 sed
2168 3317 2480 3394 tamquam

266 3425 490 3480 notum
535 3419 738 3501 ponit.
2242 3490 2249 3499 ⁶

402 3518 480 3599 b)
537 3521 747 3585 loma
792 3523 877 3587 14
896 3517 1099 3586 -'32.
1187 3519 1619 3605 Distinguitur
1673 3515 2107 3583 substantialis
2162 3518 2480 3604 quantitas

265 3621 353 3687 ab
405 3623 796 3690 accidentali.
889 3628 985 3690 Ac
1041 3626 1308 3710 primum
1367 3609 1622 3708 quidem
1677 3618 2105 3686 substantialis
2162 3623 2477 3707 quantitas

266 3730 548 3793 cernitur
603 3727 709 3793 vel
764 3732 831 3793 in
874 3731 955 3795 iis
998 3728 1394 3804 substantiis,
1452 3748 1714 3812 quarum
1761 3727 1816 3790 si
1861 3733 2148 3789 naturam
2191 3725 2298 3804 (τί
2339 3727 2479 3788 ἐστι

263 3832 441 3912 ⁶19)
478 3831 859 3912 definiveris,
898 3835 1103 3919 ipsum
1141 3838 1440 3916 quantum
1476 3832 1734 3917 generis
1778 3828 1925 3894 loco
1958 3827 2327 3915 ponendum
2364 3837 2475 3906 est,

262 3934 373 3998 vel
409 3938 476 3999 in
512 3938 589 4000 iis
624 3935 1074 4000 affectionibus
1120 3929 1360 4014 (πάθη
1394 3936 1506 3998 καὶ
1544 3931 1701 4011 ἕξεις
1736 3935 1886 4011 a19,
1934 3932 2012 3996 cf.
2046 3930 2127 3996 ad
2162 3933 2225 3996 6.
2263 3933 2475 3996 10156

260 4039 412 4121 34),
450 4061 612 4125 quae
651 4042 1028 4125 quantitatis,
1065 4048 1374 4124 quatenus
1416 4047 1512 4100 est
1550 4038 1882 4121 quantitas,
1917 4038 2151 4100 variam
2190 4045 2473 4098 naturam

263 4145 650 4228 exprimunt,
705 4142 906 4208 veluti
962 4160 1255 4230 magnum
1313 4162 1577 4228 parvum
1626 4138 1705 4202 al.
1761 4139 1839 4205 cf.
1887 4141 1964 4205 N
2002 4142 2061 4204 l.
2112 4138 2320 4203 1088a
2361 4139 2472 4202 17:

259 4242 464 4327 πάθη
510 4270 578 4313 τε
622 4241 752 4332 γὰρ
796 4246 1005 4311 ταῦτα
1049 4248 1163 4312 καὶ
1202 4238 1669 4330 συμβεβηκότα
1704 4244 1961 4327 μᾶλλον
2000 4235 2044 4323 ἢ
2078 4240 2474 4324 ὑποκείμενα

260 4356 406 4427 τοῖς
450 4348 776 4439 ἀριθμοῖς
817 4352 928 4415 καὶ
972 4358 1113 4427 τοῖς
1153 4349 1509 4433 μεγέθεσίν
1554 4352 1711 4425 ἐστι,
1751 4340 1831 4412 τό
1877 4339 2049 4412 πολὺ
2089 4347 2199 4410 καὶ
2244 4341 2471 4428 ὀλίγον

348 4458 555 4510 Aristot.
579 4458 799 4528 metaph.
825 4457 905 4509 ed.
928 4456 1111 4509 Bonita
1131 4455 1248 4509 Vol.
1270 4457 1333 4508 Π.
2002 4453 2066 4503 17
