3043 4973
1151 251 1198 319 1
1239 246 1306 321 a.
1390 213 1666 323 1054ῡῖ
1883 263 1900 278 ·
2357 248 2504 326 429

298 423 500 511 goria,
545 431 755 488 tamen
799 443 1040 512 genere
1086 422 1374 490 diversos
1406 423 1785 491 Aristoteles
1830 427 1970 491 sine
2015 424 2214 491 dubio
2258 425 2504 493 dixerit.

299 527 528 613 Specie
573 537 779 592 autem
826 530 991 613 'quae
1033 538 1182 593 sunt
1224 527 1502 607 diversa,
1560 529 1728 595 idem
1788 529 2023 595 habere
2081 541 2344 616 oportet
2393 554 2505 620 ge-

298 651 450 706 nus;
514 652 676 716 quae
735 629 987 717 quidem
1045 635 1301 720 generis
1357 631 1658 697 identitas
1715 654 1849 699 non
1905 633 2113 700 ubivis
2167 638 2504 715 invenitur,

297 733 406 800 ubi
465 732 631 799 idem
691 735 938 801 duabus
997 734 1082 800 de
1135 735 1327 800 rebus
1385 735 1788 821 praedicatur
1842 736 2043 802 veluti
2093 738 2279 803 color
2320 738 2502 805 albus

298 837 547 924 aliaque
594 840 921 919 eiusmodi,
966 838 1082 905 sed
1127 839 1237 904 ubi
1281 838 1455 925 quod
1501 839 1670 906 idem
1715 840 2117 928 praedicatur
2157 844 2357 927 ipsam
2394 863 2505 906 na·-

296 951 500 1008 turam
546 964 622 1007 ac
664 944 1079 1010 substantiam
1121 965 1331 1009 rerum
1377 943 1713 1031 significat,
1755 946 1912 1010 ⁶30:
1958 938 1999 1009 ὃ
2044 938 2245 1032 ἄμφω
2291 941 2503 1011 ταύτὰ

297 1046 601 1129 λέγονται
642 1042 851 1112 κατὰ
896 1041 1043 1128 τὴν
1089 1043 1384 1112 οὐσίαν
1427 1041 1510 1112 τὰ
1557 1043 1868 1136 διάφορα,
1916 1048 1993 1112 cf.
2040 1049 2100 1113 8.
2149 1049 2351 1113 1057⁶
2386 1050 2498 1115 38:

293 1152 484 1233 γένος
524 1150 735 1228 καλῶ,
781 1144 822 1216 ὃ
866 1145 1072 1238 ἄμφω
1117 1151 1187 1215 ἓν
1227 1142 1431 1216 ταύτὸ
1476 1152 1747 1234 λέγεται,
1797 1144 1902 1234 μὴ
1947 1144 2154 1216 κατὰ
2199 1152 2503 1236 συμβε-

292 1247 553 1336 βηκὸς
594 1255 743 1337 ἕχον
788 1248 1144 1343 διαφοράν,
1190 1262 1255 1318 et
1295 1252 1377 1318 ad
1408 1254 1472 1320 Z
1493 1254 1557 1319 3.
1593 1255 1795 1320 102812
1818 1255 1924 1319 34.

428 1357 722 1421 Proxima
753 1356 951 1424 verba
989 1359 1147 1423 1131:
1193 1351 1278 1422 τοὶ
1316 1355 1375 1422 δ’
1414 1358 1688 1423 ἐναντία
1724 1351 2039 1447 διάφορα,
2078 1358 2192 1424 καὶ
2231 1354 2273 1439 ἡ
2311 1362 2503 1424 ἐναν-

292 1460 514 1536 τίωσις
549 1455 846 1550 διαφορά
889 1484 1003 1539 τις,
1048 1459 1274 1525 dubito
1312 1482 1460 1525 num
1498 1460 1577 1524 ab
1614 1463 1760 1548 ipso
1793 1461 1900 1525 Ar.
1936 1464 2169 1548 scripta
2202 1464 2347 1540 sint,
2381 1484 2503 1527 nec

292 1566 508 1650 potius
555 1584 593 1627 a
638 1561 881 1629 lectore
926 1573 1172 1629 attento
1219 1562 1655 1629 adnotationis
1700 1562 1850 1629 loco
1891 1562 1972 1629 ad
2009 1567 2361 1650 proximum
2400 1587 2504 1631 ca-

291 1677 408 1753 put
450 1667 767 1753 adscripta
811 1677 1038 1753 postea
1075 1670 1142 1732 in
1178 1677 1414 1733 textum
1451 1670 1844 1754 irrepserint,
1891 1678 1955 1734 et
1993 1667 2244 1754 quidem
2284 1668 2500 1735 alieno

292 1769 464 1836 loco.
542 1771 756 1857 Quum
804 1773 969 1838 enim
1014 1761 1255 1857 postea‘
1279 1792 1457 1836 esse
1498 1773 1762 1836 omuino
1804 1775 2311 1838 contrarietatem
2349 1772 2501 1838 inde

293 1884 777 1954 commonstret,
836 1872 1010 1960 quod
1056 1874 1386 1940 diversitas
1430 1878 1647 1943 varios
1690 1877 1959 1961 recipiat
2000 1874 2267 1963 gradus,
2324 1875 2502 1941 ideo-

293 2001 418 2067 que
465 1982 652 2043 etiam
700 1999 839 2043 esse
876 1977 1184 2064 quaedam
1223 1986 1537 2065 oporteat,
1583 1987 1745 2065 quae
1774 1979 2145 2066 longissime
2177 1990 2366 2066 atque
2397 1979 2504 2044 ab·

291 2081 504 2148 solute
549 2081 802 2148 diversa
846 2084 990 2162 sint,
1033 2104 1156 2149 nec
1201 2092 1411 2170 aptum
1459 2104 1583 2147 nec
1624 2082 1966 2169 probabile
2012 2092 2110 2149 est
2155 2094 2341 2148 antea
2377 2083 2501 2148 iam

295 2189 806 2252 contrarietatem
852 2185 1223 2272 simpliciter
1265 2185 1548 2251 subsumi
1596 2185 1966 2251 diversitati.
2041 2186 2170 2252 Sed
2204 2197 2348 2252 utut
2381 2196 2501 2251 sta·

292 2295 491 2357 tuitur
536 2289 619 2354 de
664 2293 944 2379 genuina
990 2289 1174 2355 buius
1222 2292 1541 2354 enunciati
1588 2292 1866 2378 origine,
1921 2288 2085 2355 illud
2135 2299 2306 2354 certe
2351 2310 2504 2354 con-

291 2405 445 2474 stat,
488 2397 775 2481 proxima
820 2392 1040 2458 verba:
1086 2388 1191 2459 ὅτι
1236 2393 1304 2458 δὲ
1347 2394 1563 2470 καλῶς
1604 2395 1757 2470 κτλ.,
1803 2403 1876 2458 ut
1917 2402 2091 2458 recte
2134 2390 2503 2457 Alexander

292 2503 571 2579 monuit,
617 2519 752 2563 non
794 2499 1115 2585 pertinere
1161 2496 1242 2562 ad
1288 2497 1354 2562 id
1399 2497 1574 2584 quod
1621 2497 1703 2563 de
1749 2500 2196 2562 contrarietate
2243 2495 2503 2560 diversi-

292 2607 405 2670 tati
452 2602 881 2671 subsumenda
927 2604 1283 2688 proposuit,-
1326 2600 1442 2666 sed
1486 2599 1568 2666 ad
1601 2600 2035 2665 illustrandam
2067 2603 2264 2687 ipsius
2295 2598 2504 2664 diver-

290 2711 496 2774 sitatis
542 2704 895 2773 notionem.
982 2707 1295 2771 Nimirum
1354 2704 1437 2769 ad
1494 2703 1930 2791 explicandam
1988 2706 2502 2768 contrarietatem

289 2816 414 2878 iam
458 2812 610 2878 ideo
655 2812 881 2877 referri
924 2816 1267 2896 nequeunt,
1313 2806 1490 2895 quod
1533 2811 1602 2872 in
1644 2810 1836 2872 variis
1880 2806 2006 2871 illis
2051 2806 2288 2884 modiS‚
2338 2827 2501 2892 quos

292 2938 411 2982 usu
458 2917 760 3004 cognitos
803 2913 1164 2989 babeamuS,
1211 2921 1659 2978 enumerantur
1702 2915 1888 2977 etiam
1930 2932 2004 2975 ea
2041 2930 2204 2997 quae
2237 2919 2387 2975 sunt
2421 2902 2501 2974 τὸ

289 3023 480 3104 γένος
520 3024 710 3106 ἕτερα
749 3018 911 3093 ὀ35ς
971 3027 1038 3081 at
1083 3019 1399 3081 contraria
1444 3037 1698 3103 semper
1743 3014 1971 3080 eodem
2016 3036 2255 3103 genere
2302 3015 2504 3078 conti-

291 3127 449 3202 neri,
491 3143 614 3188 nec
656 3142 897 3209 genere
941 3119 1055 3186 sed
1094 3123 1310 3206 specie
1340 3119 1618 3200 differre,
1666 3129 1733 3183 et
1762 3129 2060 3184 constans
2093 3129 2190 3183 est
2218 3118 2328 3181 Ar.
2361 3137 2503 3181 sen-

290 3229 489 3295 tentia
528 3234 591 3290 et
625 3228 695 3289 in
728 3227 1026 3310 proximis
1064 3222 1372 3309 capitibus
1412 3225 1782 3308 saepissime
1810 3231 2125 3288 monetur.
2201 3221 2413 3307 Atque
2446 3222 2503 3284 si

293 3329 376 3396 de
422 3330 787 3395 diversitate
832 3331 939 3417 agi
985 3327 1374 3405 conceditur,
1418 3328 1546 3391 hoc
1589 3335 1915 3413 praeterea
1957 3335 2237 3412 apparet,
2282 3324 2503 3389 distin-

290 3436 405 3523 gui
464 3436 843 3498 enumeratis
905 3431 1226 3510 omnibus‚
1283 3451 1447 3517 quos
1503 3452 1627 3495 usu
1683 3433 2172 3518 cognoverimus
2207 3432 2341 3509 (ἐκ
2383 3427 2500 3507 τῆς

292 3537 637 3620 ἐπαγωγῆς
676 3537 865 3617 ῠ33),
913 3534 1294 3600 diversitatis
1339 3533 1546 3599 modis
1592 3533 2019 3599 diversitatem
2058 3553 2097 3597 a
2133 3553 2305 3597 mera
2345 3531 2501 3596 alte-

292 3643 509 3716 ritate;
567 3660 731 3725 quae
787 3640 1037 3704 diversa
1095 3649 1243 3705 sunt
1298 3637 1539 3725 aliquid
1590 3639 1829 3704 habent
1871 3658 2000 3724 quo
2047 3636 2373 3715 differant,
2430 3638 2503 3700 in

294 3742 605 3816 alteritate
652 3764 785 3808 non
823 3747 1187 3809 necessario
1223 3742 1390 3808 idem
1425 3742 1638 3808 locum
1672 3742 1883 3808 habet.
1955 3740 2088 3809 Sed
2118 3737 2499 3826 ipsaverba,

292 3850 388 3914 uti
432 3869 600 3914 nunc
644 3847 1035 3925 exhibentur,
1080 3869 1290 3933 neque
1337 3846 1651 3933 explicare
1695 3846 1832 3912 ullo
1879 3845 2077 3910 modo
2120 3846 2336 3923 ausim,
2380 3865 2503 3909 nec

292 3972 557 4039 prorsus
615 3954 894 4040 genuina
948 3972 1089 4016 esse
1132 3972 1502 4037 persuasum
1550 3949 1778 4014 habeo.
1867 3950 1964 4013 Ea
2009 3957 2266 4013 secutus
2308 3949 2500 4012 vesti-

289 4057 397 4144 gia
457 4058 832 4142 antiquioris
891 4057 1267 4141 scripturae,
1324 4075 1489 4141 quae
1545 4055 1614 4117 in
1655 4053 2109 4118 commentario
2155 4049 2500 4117 Alexandri

241 4230 257 4241 ,
290 4170 664 4246 supersunt,
719 4160 889 4224 bunc
946 4160 1080 4225 fere
1133 4163 1200 4224 in
1243 4156 1503 4223 modum
1550 4160 1841 4243 suspicor
1883 4154 2284 4223 scribendum
2332 4174 2497 4218 esse:

290 4258 513 4329 πάντα
570 4258 699 4350 γὰρ
758 4257 852 4327 τοὶ
910 4263 1318 4353 διαφέροντα
1364 4263 1674 4349 φαίνεται
1714 4261 1829 4327 καὶ
1871 4253 2159 4336 ταύτά,
2216 4254 2298 4323 οὐ
2354 4254 2497 4336 (vel

289 4368 405 4435 καὶ
451 4363 570 4447 οὐ)
613 4362 823 4449 μόνον
869 4371 1057 4456 ἕτερα
1103 4361 1286 4444 ὄντα,
1330 4358 1505 4431 ἀλλὰ
1548 4357 1631 4430 τὰ
1665 4366 1786 4451 μὲν
1825 4358 1902 4430 τὸ
1939 4366 2127 4449 γένος
2164 4364 2369 4447 ἔτερα,
2413 4352 2499 4425 τὰ
