3043 4973
1137 195 1210 266 A
1264 194 1374 266 ll.
1459 193 1730 267 10190.
2391 196 2533 271 251

329 370 594 433 uncam
641 377 853 434 autem
897 368 1074 455 qood
1102 369 1300 456 plano
1334 390 1474 434 esse
1513 372 1791 455 priorem
1827 372 2032 450 sumit,
2074 372 2249 442 unde
2284 376 2541 440 rectitu-

334 472 546 537 dinem
591 455 869 559 priorem
914 495 1055 538 esse
1098 473 1373 561 colligit
1397 473 1723 552 laevitate,
1784 473 1865 540 ad
1922 484 2205 561 quartam
2261 476 2541 542 referen-

334 575 484 641 dum
532 586 631 641 est
668 578 789 642 τοῦ
829 580 1151 664 προτέρου
1194 580 1543 643 notionem.

466 681 551 759 d)
590 682 799 744 10191
823 682 1081 745 2—14.
1140 681 1385 766 Quarta
1416 680 1542 745 τοῦ
1562 682 1887 767 προτέρου
1915 679 2320 767 significatio,
2351 701 2541 766 quum

336 782 590 868 quidem
647 794 875 847 natura
935 794 1000 847 et
1050 789 1326 849 essentia
1370 786 1590 871 priora
1633 805 1709 849 ea
1754 805 1898 848 esse
1942 783 2131 862 dicit,
2185 806 2352 869 quae
2393 806 2542 870 pom

336 898 486 951 sunt
530 908 668 952 esse
710 890 855 950 sine
897 886 1053 964 aliis,
1098 888 1221 952 alia
1266 911 1399 953 non
1449 887 1714 975 perinde
1759 890 1897 951 sine
1939 890 2037 965 iis,
2086 908 2346 974 prorsus
2393 910 2542 953 con-

338 993 492 1054 «init
523 1013 664 1054 cum
695 989 1075 1055 definitione
1104 988 1327 1076 ἀρχῆς,
1363 993 1434 1058 Κ
1468 996 1527 1057 1.
1563 995 1771 1058 leena
1798 994 1865 1056 1:
1911 984 2082 1075 ἀρχὴ
2117 983 2250 1076 γὰρ
2284 987 2360 1055 τὸ
2391 1012 2543 1057 συν.

334 1095 674 1178 αναιροῦν.
753 1095 889 1157 Hac
932 1093 1340 1161 distinctione
1385 1096 1562 1182 quod
1594 1096 1926 1161 Platonem
1975 1093 2128 1159 dicit
2174 1116 2354 1159 usum
2385 1113 2544 1173 esse,

336 1198 567 1261 frustra
610 1200 676 1262 in
724 1199 859 1261 eius
904 1197 1098 1274 libris,
1145 1202 1252 1284 qui
1291 1211 1552 1278 exstant,
1597 1199 1707 1266 ubi
1745 1198 1813 1263 id
1852 1198 2072 1262 fecerit
2110 1219 2402 1283 quaeras3
2449 1220 2545 1264 re-

337 1304 586 1386 spicere
631 1301 1040 1367 Aristotelem
1084 1300 1244 1368 illud
1289 1306 1466 1387 prius
1513 1315 1578 1367 et
1622 1304 1955 1388 posterius,
2010 1300 2184 1387 quod
2229 1300 2544 1367 idealibus

340 1408 621 1469 numeris
663 1409 1031 1492 saepissime
1074 1407 1390 1484 tribuitur,
1436 1406 1516 1471 cf.
1565 1406 1644 1471 ad
1690 1406 1757 1470 B
1783 1407 1847 1470 3.
1888 1408 2056 1470 999ae
2084 1407 2142 1469 7.
2191 1407 2277 1470 M
2301 1408 2361 1482 6,
2404 1425 2546 1489 spe-

336 1511 514 1572 ciosa
558 1519 658 1573 est
702 1513 1069 1576 coniectura
1101 1509 1681 1597 Trendelenburgii
1726 1509 1807 1573 de
1852 1507 1938 1573 id.
1983 1532 2045 1594 p.
2076 1510 2161 1573 81
2212 1517 2277 1572 et
2309 1507 2544 1572 Zelleri

338 1610 573 1676 Gesch.
606 1613 683 1679 ΙΙ.
713 1636 775 1698 p.
808 1614 957 1692 213,
1002 1613 1116 1678 sed
1164 1635 1237 1677 ea
1282 1635 1432 1678 nom
1478 1617 1562 1678 sit
1596 1635 1748 1677 vera
1779 1611 2027 1676 dubito.
2062 1647 2143 1666 --
2192 1613 2320 1675 Iam
2356 1631 2546 1696 quum

340 1713 420 1778 ad
466 1718 795 1781 notionem
840 1718 961 1780 τοῦ
1003 1721 1325 1804 προτέρου
1368 1715 1802 1803 explicandam
1852 1718 2167 1782 essentiae
2211 1718 2393 1779 notio
2437 1713 2547 1778 ad-

338 1822 494 1883 scita
541 1821 640 1897 sit,
693 1819 878 1884 huius
927 1823 1113 1885 etiam
1154 1820 1514 1886 ¹discrimina
1562 1819 1644 1884 ad
1688 1818 1857 1885 illam
1906 1816 2338 1904 pertinebunt.
2425 1816 2549 1884 lta-

336 1944 466 2007 que
512 1927 776 2009 primum
821 1924 930 1987 ubi
971 1927 1327 2012 categorias
1364 1924 1827 2011 distinguimuS,
1872 1923 2223 1987 subiectum
2263 1919 2549 1985 acciden-

342 2024 510 2090 tibus
556 2028 790 2113 (Phys.
827 2029 959 2092 16:
993 2030 1159 2092 189⁴:
1182 2029 1327 2108 31),
1374 2028 1722 2093 substantia
1769 2025 2027 2111 reliquis
2072 2027 2413 2111 categoriis
2453 2035 2551 2089 est

338 2134 538 2215 prior,
582 2132 639 2194 Z
669 2134 729 2195 1.
762 2133 974 2196 102811
997 2134 1104 2196 32.
1172 2130 1429 2195 Deinde
1460 2135 1758 2216 quoniam
1789 2129 2203 2216 distinguitur
2233 2140 2374 2193 actu
2411 2150 2550 2193 esse

345 2243 410 2296 et
453 2236 741 2319 potentia
779 2255 937 2312 esse,
981 2234 1104 2299 alia
1139 2237 1388 2300 ratione
1423 2234 1732 2320 quaedam
1769 2245 1931 2312 actu,
1976 2233 2099 2298 alia
2135 2236 2426 2319 potentia
2462 2231 2551 2298 di-

338 2336 542 2401 cenda
582 2347 767 2401 erunt
799 2341 1009 2423 priora
1048 2360 1207 2403 esse.
1277 2338 1501 2403 Veluti
1532 2349 1754 2415 totum,
1792 2340 2090 2423 quoniam
2127 2338 2369 2401 formae
2404 2336 2551 2402 ade-
2669 2407 2680 2416 ,

342 2450 522 2526 ptum
568 2450 665 2505 est
705 2442 1164 2527 perfectionem
1212 2453 1277 2507 et
1318 2445 1944 2519 consummationem,
1989 2440 2069 2506 ad
2116 2461 2299 2527 quam
2345 2443 2551 2507 omnis

340 2544 552 2610 tendit
578 2549 911 2631 generatio
942 2547 1051 2628 (cf.
1084 2546 1256 2632 quod
1290 2546 1641 2631 exemplum
1669 2544 1861 2609 affert
1883 2545 2398 2610 P01.12..1253a
2419 2546 2551 2626 19),

338 2652 522 2734 prius
568 2658 666 2712 est
708 2660 929 2714 natura
976 2661 1042 2714 et
1082 2659 1228 2714 actu
1276 2652 1404 2713 suis
1449 2648 1754 2735 partibus,
1798 2669 1962 2733 quae
1991 2651 2279 2733 potentia
2312 2659 2551 2712 tannim

343 2755 562 2816 insunt
620 2762 687 2817 et
740 2753 956 2817 soluto
1016 2753 1264 2818 demum
1323 2763 1464 2817 toto
1524 2772 1800 2837 corpore
1854 2772 1973 2837 per
2028 2773 2099 2814 se
2151 2761 2215 2816 et
2258 2751 2554 2816 absolute

346 2860 674 2941 (quamvis
735 2852 1093 2939 ὁμωνύμως
1134 2856 1363 2935 modo,
1418 2857 1500 2920 cf.
1550 2858 1611 2920 Z
1653 2859 1756 2921 10.
1806 2856 2008 2920 10350
2049 2857 2179 2935 25)
2228 2858 2551 2921 exsistunt.

343 2960 450 3024 De
494 2971 636 3025 toto
685 2974 748 3024 et
792 2959 1094 3045 partibus,
1140 2972 1346 3025 utrum
1392 2965 1474 3025 sit
1516 2964 1710 3046 priuS,
1760 2959 1837 3022 cf.
1880 2961 1969 3023 M
1992 2960 2054 3024 8.
2103 2962 2305 3025 108&
2339 2963 2382 3025 2
2419 2982 2551 3046 sqq.

349 3064 412 3126 Z
441 3065 541 3141 10,
587 3062 670 3127 de
714 3074 860 3127 actu
908 3075 975 3127 et
1016 3067 1322 3148 potentia,
1367 3077 1574 3128 utrum
1619 3066 1797 3148 prius
1841 3065 1923 3126 sit
1967 3073 2174 3127 utrum
2216 3066 2555 3148 posterius,

346 3166 639 3231 subtilius
692 3167 970 3252 disputat
1018 3167 1079 3232 θ
1119 3169 1183 3232 Θ.
1233 3205 1313 3219 —-
1373 3166 1673 3252 Denique
1719 3164 1923 3229 addit:
1973 3160 2224 3249 τρόπον
2267 3162 2350 3244 δή
2406 3187 2556 3230 τινα

347 3266 569 3336 πάντα
625 3264 713 3334 τοὶ
766 3264 1089 3355 πρότερον
1145 3273 1258 3334 καὶ
1299 3266 1579 3358 ὕστερον
1623 3264 1944 3353 λεγόμενα
1986 3264 2157 3333 κατὰ
2202 3271 2412 3332 ταῦτα
2454 3269 2557 3332 λέ·-

347 3397 546 3457 γεται,
584 3375 740 3437 all.
825 3373 1012 3458 Quae
1053 3373 1342 3437 dicantur
1377 3378 1604 3451 ταῦτα,
1653 3393 1919 3458 quorum
1967 3370 2047 3435 ad
2093 3371 2555 3436 similitudinem

353 3476 590 3562 reliqua
651 3481 860 3567 omnia
919 3476 1025 3541 vel
1082 3481 1297 3563 priora
1358 3478 1650 3545 dicantur
1692 3475 1799 3539 vel
1842 3479 2225 3560 posteriora,
2285 3474 2559 3540 dubitari

350 3591 585 3666 potest.
655 3581 868 3664 Quum
919 3584 1082 3643 enim
1128 3584 1430 3667 proximis
1469 3602 1631 3666 quae
1673 3577 2057 3644 antecedunt
2090 3581 2303 3643 verbis
2338 3579 2418 3643 de
2448 3600 2562 3664 po-

351 3687 549 3748 tentia
596 3694 665 3749 et
704 3693 852 3748 actu
896 3682 1277 3769 disputetur,
1324 3695 1389 3749 et
1433 3684 1656 3749 eadem
1705 3681 2015 3768 exempla,
2062 3704 2223 3768 quae
2267 3683 2358 3746 ad·
2394 3683 2559 3746 hanc

351 3788 882 3875 significationem
925 3787 1361 3853 illustrandam
1408 3788 1599 3854 allata
1647 3797 1854 3865 erant,
1911 3790 2033 3852 iam
2075 3790 2414 3865 iterentur,
2470 3789 2563 3850 ni-

350 3894 576 3957 mirum
607 3905 807 3957 totum
842 3901 907 3959 et
935 3913 1096 3977 pars,
1131 3890 1475 3957 Alexandri
1509 3893 1868 3978 explicatio,
1906 3892 2012 3976 qui
2051 3884 2171 3954 τὸν
2205 3891 2327 3955 τοῦ
2363 3884 2563 3955 δυνά-

352 4018 461 4078 μει
497 3997 611 4059 καὶ
646 3997 938 4081 ἐνεργείᾳ
970 3990 1218 4080 τρόπον
1254 3995 1744 4083 intelligendum
1777 4016 1920 4060 esse
1948 3997 2168 4059 statuit
2193 4018 2255 4079 p.
2280 3996 2429 4071 35⁰,
2463 3996 2564 4081 17,

353 4097 548 4163 habet
592 4092 768 4176 sane,
829 4122 940 4164 cur
990 4098 1345 4186 probabilis
1389 4098 1701 4173 videatur.
1790 4097 1922 4163 Sed
1968 4098 2197 4162 fmstffia
2241 4100 2565 4183 quaesive-

354 4205 472 4280 ris,
530 4204 863 4287 quomodo
920 4203 1025 4267 vel
1083 4226 1221 4267 cum
1285 4203 1602 4267 levissima
1659 4205 1870 4288 specie
1927 4204 2210 4266 veritatis
2267 4200 2349 4265 ad
2398 4202 2566 4266 hune

335 4305 612 4371 modum
651 4308 768 4371 τοῦ
803 4302 1075 4391 δυνάμει
1104 4309 1215 4372 καὶ
1244 4310 1539 4390 ἐνεργείᾳ
1568 4305 1811 4392 reliqua
1844 4306 2085 4371 referas
2115 4309 2349 4384 omnia,
2378 4324 2566 4390 quae-
