<?xml version="1.0" encoding="UTF-8"?>
<!DOCTYPE html PUBLIC "-//W3C//DTD XHTML 1.0 Transitional//EN"
    "http://www.w3.org/TR/xhtml1/DTD/xhtml1-transitional.dtd">
<html xmlns="http://www.w3.org/1999/xhtml" xml:lang="en" lang="en">
 <head>
  <title>
</title>
<meta http-equiv="Content-Type" content="text/html;charset=utf-8" />
  <meta name='ocr-system' content='tesseract 3.04.00' />
  <meta name='ocr-capabilities' content='ocr_page ocr_carea ocr_par ocr_line ocrx_word'/>
</head>
<body>
  <div class='ocr_page' id='page_1' title='image "aristotelismeta02bonigoog_0256.png"; bbox 0 0 3043 4973; ppageno 0'>
   <div class='ocr_carea' id='block_1_1' title="bbox 509 234 1882 312">
    <p class='ocr_par' dir='ltr' id='par_1_1' title="bbox 509 234 1882 312">
     <span class='ocr_line' id='line_1_1' title="bbox 509 234 1882 312; baseline -0.003 0"><span class='ocrx_word' id='word_1_1' title='bbox 509 234 663 312; x_wconf 70' lang='lat'>244·</span> <span class='ocrx_word' id='word_1_2' title='bbox 979 252 988 263; x_wconf 86' lang='grc'><em>·</em></span> <span class='ocrx_word' id='word_1_3' title='bbox 1341 238 1410 309; x_wconf 82' lang='grc' dir='ltr'><em>Δ</em></span> <span class='ocrx_word' id='word_1_4' title='bbox 1458 236 1528 310; x_wconf 82' lang='grc'><strong>9,</strong></span> <span class='ocrx_word' id='word_1_5' title='bbox 1614 235 1882 310; x_wconf 69' lang='lat'><strong>101711.</strong></span> 
     </span>
    </p>
   </div>
   <div class='ocr_carea' id='block_1_2' title="bbox 456 397 2726 3407">
    <p class='ocr_par' dir='ltr' id='par_1_2' title="bbox 505 397 2722 1323">
     <span class='ocr_line' id='line_1_2' title="bbox 510 397 2713 499; baseline 0 -24"><span class='ocrx_word' id='word_1_6' title='bbox 510 421 582 476; x_wconf 90' lang='lat' dir='ltr'><strong>ut</strong></span> <span class='ocrx_word' id='word_1_7' title='bbox 626 410 754 482; x_wconf 81' lang='lat' dir='ltr'><strong>tale</strong></span> <span class='ocrx_word' id='word_1_8' title='bbox 798 413 882 475; x_wconf 84' lang='lat' dir='ltr'><strong>sit</strong></span> <span class='ocrx_word' id='word_1_9' title='bbox 924 409 1114 496; x_wconf 88' lang='lat' dir='ltr'><strong>quale</strong></span> <span class='ocrx_word' id='word_1_10' title='bbox 1157 421 1282 490; x_wconf 87' lang='lat' dir='ltr'><strong>est,</strong></span> <span class='ocrx_word' id='word_1_11' title='bbox 1337 411 1603 478; x_wconf 86' lang='lat' dir='ltr'><strong>eandem</strong></span> <span class='ocrx_word' id='word_1_12' title='bbox 1649 410 1805 476; x_wconf 83' lang='lat' dir='ltr'><strong>alibi</strong></span> <span class='ocrx_word' id='word_1_13' title='bbox 1848 405 1925 476; x_wconf 81' lang='grc' dir='ltr'><strong>τὸ</strong></span> <span class='ocrx_word' id='word_1_14' title='bbox 1969 411 2036 476; x_wconf 75' lang='grc' dir='ltr'><strong>τί</strong></span> <span class='ocrx_word' id='word_1_15' title='bbox 2078 400 2163 491; x_wconf 71' lang='grc' dir='ltr'><strong>ἦν</strong></span> <span class='ocrx_word' id='word_1_16' title='bbox 2205 397 2374 478; x_wconf 53' lang='lat' dir='ltr'><strong>elbon</strong></span> <span class='ocrx_word' id='word_1_17' title='bbox 2415 412 2713 499; x_wconf 78' lang='lat' dir='ltr'><strong>appellat,</strong></span> 
     </span>
     <span class='ocr_line' id='line_1_3' title="bbox 510 507 2716 605; baseline 0.003 -27"><span class='ocrx_word' id='word_1_18' title='bbox 510 515 574 579; x_wconf 92' lang='lat' dir='ltr'><strong><em>Z</em></strong></span> <span class='ocrx_word' id='word_1_19' title='bbox 614 517 717 579; x_wconf 80' lang='grc'><strong>10.</strong></span> <span class='ocrx_word' id='word_1_20' title='bbox 766 516 969 579; x_wconf 74' lang='grc' dir='ltr'><strong>1035ῠ</strong></span> <span class='ocrx_word' id='word_1_21' title='bbox 1008 516 1120 579; x_wconf 81' lang='lat'><strong>15:</strong></span> <span class='ocrx_word' id='word_1_22' title='bbox 1178 511 1221 594; x_wconf 84' lang='grc' dir='ltr'><strong><em>ἡ</em></strong></span> <span class='ocrx_word' id='word_1_23' title='bbox 1268 515 1398 580; x_wconf 75' lang='grc' dir='ltr'><strong>τῶν</strong></span> <span class='ocrx_word' id='word_1_24' title='bbox 1441 509 1624 597; x_wconf 75' lang='grc' dir='ltr'><em>ζῴων</em></span> <span class='ocrx_word' id='word_1_25' title='bbox 1667 507 1846 605; x_wconf 80' lang='grc' dir='ltr'>ψυχὴ</span> <span class='ocrx_word' id='word_1_26' title='bbox 1890 551 1979 563; x_wconf 93' lang='grc'><strong>-</strong></span> <span class='ocrx_word' id='word_1_27' title='bbox 2022 510 2281 593; x_wconf 40' lang='grc' dir='ltr'><strong>ἡκκατιὲ</strong></span> <span class='ocrx_word' id='word_1_28' title='bbox 2336 510 2456 581; x_wconf 74' lang='grc' dir='ltr'><strong>τὸν</strong></span> <span class='ocrx_word' id='word_1_29' title='bbox 2511 511 2716 599; x_wconf 73' lang='grc' dir='ltr'><em>λόγον</em></span> 
     </span>
     <span class='ocr_line' id='line_1_4' title="bbox 510 608 2713 704; baseline 0 -22"><span class='ocrx_word' id='word_1_30' title='bbox 510 615 705 683; x_wconf 80' lang='grc' dir='ltr'><strong><em>οὐσία</em></strong></span> <span class='ocrx_word' id='word_1_31' title='bbox 763 619 874 682; x_wconf 83' lang='grc' dir='ltr'><strong>καὶ</strong></span> <span class='ocrx_word' id='word_1_32' title='bbox 930 613 1009 682; x_wconf 79' lang='grc' dir='ltr'><strong>τὰ</strong></span> <span class='ocrx_word' id='word_1_33' title='bbox 1065 612 1237 693; x_wconf 78' lang='grc' dir='ltr'><em>εἶδος</em></span> <span class='ocrx_word' id='word_1_34' title='bbox 1291 618 1405 682; x_wconf 83' lang='grc' dir='ltr'><strong>καὶ</strong></span> <span class='ocrx_word' id='word_1_35' title='bbox 1459 611 1538 681; x_wconf 80' lang='grc' dir='ltr'><strong>τὸ</strong></span> <span class='ocrx_word' id='word_1_36' title='bbox 1583 619 1648 682; x_wconf 85' lang='grc' dir='ltr'><strong>τί</strong></span> <span class='ocrx_word' id='word_1_37' title='bbox 1693 608 1776 695; x_wconf 86' lang='grc' dir='ltr'><strong>ἦν</strong></span> <span class='ocrx_word' id='word_1_38' title='bbox 1821 613 1990 682; x_wconf 78' lang='grc' dir='ltr'><strong><em>εἶναι</em></strong></span> <span class='ocrx_word' id='word_1_39' title='bbox 2033 618 2125 699; x_wconf 75' lang='grc' dir='ltr'><strong>τῷ</strong></span> <span class='ocrx_word' id='word_1_40' title='bbox 2167 619 2397 701; x_wconf 73' lang='grc' dir='ltr'><em>τοιῷδε</em></span> <span class='ocrx_word' id='word_1_41' title='bbox 2441 616 2713 704; x_wconf 74' lang='grc' dir='ltr'><strong>σώματι.</strong></span> 
     </span>
     <span class='ocr_line' id='line_1_5' title="bbox 510 719 2718 808; baseline 0 -22"><span class='ocrx_word' id='word_1_42' title='bbox 510 719 790 806; x_wconf 82' lang='lat' dir='ltr'><strong>Aliquod</strong></span> <span class='ocrx_word' id='word_1_43' title='bbox 835 730 1044 785; x_wconf 90' lang='lat' dir='ltr'><strong>tamen</strong></span> <span class='ocrx_word' id='word_1_44' title='bbox 1092 719 1425 784; x_wconf 83' lang='lat' dir='ltr'><strong>discrimen</strong></span> <span class='ocrx_word' id='word_1_45' title='bbox 1469 723 1538 786; x_wconf 86' lang='lat' dir='ltr'><strong>in</strong></span> <span class='ocrx_word' id='word_1_46' title='bbox 1585 741 1665 785; x_wconf 94' lang='lat' dir='ltr'><strong>eo</strong></span> <span class='ocrx_word' id='word_1_47' title='bbox 1712 720 1963 786; x_wconf 89' lang='lat' dir='ltr'><strong>videtur</strong></span> <span class='ocrx_word' id='word_1_48' title='bbox 2006 723 2245 800; x_wconf 88' lang='lat' dir='ltr'><strong>inesse,</strong></span> <span class='ocrx_word' id='word_1_49' title='bbox 2298 720 2471 808; x_wconf 90' lang='lat' dir='ltr'><strong>quod</strong></span> <span class='ocrx_word' id='word_1_50' title='bbox 2518 722 2718 786; x_wconf 75' lang='lat' dir='ltr'><strong>altera</strong></span> 
     </span>
     <span class='ocr_line' id='line_1_6' title="bbox 505 823 2716 890; baseline -0.001 -1"><span class='ocrx_word' id='word_1_51' title='bbox 505 823 897 889; x_wconf 85' lang='lat' dir='ltr'><strong>substantiae</strong></span> <span class='ocrx_word' id='word_1_52' title='bbox 941 825 1125 888; x_wconf 89' lang='lat' dir='ltr'><strong>notio</strong></span> <span class='ocrx_word' id='word_1_53' title='bbox 1171 827 1358 888; x_wconf 87' lang='lat' dir='ltr'><strong>unice</strong></span> <span class='ocrx_word' id='word_1_54' title='bbox 1402 824 1679 889; x_wconf 87' lang='lat' dir='ltr'><strong>refertur</strong></span> <span class='ocrx_word' id='word_1_55' title='bbox 1722 824 1802 888; x_wconf 87' lang='lat' dir='ltr'><strong>ad</strong></span> <span class='ocrx_word' id='word_1_56' title='bbox 1851 823 2177 889; x_wconf 85' lang='lat' dir='ltr'><strong>formalem</strong></span> <span class='ocrx_word' id='word_1_57' title='bbox 2223 846 2471 890; x_wconf 84' lang='lat' dir='ltr'><strong>causam</strong></span> <span class='ocrx_word' id='word_1_58' title='bbox 2516 826 2716 890; x_wconf 83' lang='lat' dir='ltr'><strong>sensi-</strong></span> 
     </span>
     <span class='ocr_line' id='line_1_7' title="bbox 505 925 2718 1013; baseline 0 -22"><span class='ocrx_word' id='word_1_59' title='bbox 505 925 728 992; x_wconf 90' lang='lat' dir='ltr'><strong>bilium</strong></span> <span class='ocrx_word' id='word_1_60' title='bbox 773 948 1010 1004; x_wconf 88' lang='lat' dir='ltr'><strong>rerum,</strong></span> <span class='ocrx_word' id='word_1_61' title='bbox 1068 927 1227 992; x_wconf 87' lang='lat' dir='ltr'><strong>haec</strong></span> <span class='ocrx_word' id='word_1_62' title='bbox 1280 937 1487 993; x_wconf 86' lang='lat' dir='ltr'><strong>autem</strong></span> <span class='ocrx_word' id='word_1_63' title='bbox 1534 938 1754 1013; x_wconf 84' lang='lat' dir='ltr'><strong>quarta</strong></span> <span class='ocrx_word' id='word_1_64' title='bbox 1801 927 1881 992; x_wconf 90' lang='lat' dir='ltr'><strong>ad</strong></span> <span class='ocrx_word' id='word_1_65' title='bbox 1928 932 2208 994; x_wconf 89' lang='lat' dir='ltr'><strong>omnium</strong></span> <span class='ocrx_word' id='word_1_66' title='bbox 2251 949 2462 993; x_wconf 83' lang='lat' dir='ltr'><strong>rerum</strong></span> <span class='ocrx_word' id='word_1_67' title='bbox 2504 930 2718 992; x_wconf 85' lang='lat' dir='ltr'><strong>notio-</strong></span> 
     </span>
     <span class='ocr_line' id='line_1_8' title="bbox 505 1028 2716 1119; baseline 0.001 -27"><span class='ocrx_word' id='word_1_68' title='bbox 505 1031 652 1093; x_wconf 88' lang='lat' dir='ltr'><strong>nem</strong></span> <span class='ocrx_word' id='word_1_69' title='bbox 698 1028 1205 1106; x_wconf 79' lang='lat' dir='ltr'><strong>substantialem3</strong></span> <span class='ocrx_word' id='word_1_70' title='bbox 1251 1052 1373 1095; x_wconf 91' lang='lat' dir='ltr'><strong>nec</strong></span> <span class='ocrx_word' id='word_1_71' title='bbox 1417 1035 1639 1096; x_wconf 90' lang='lat' dir='ltr'><strong>mirum</strong></span> <span class='ocrx_word' id='word_1_72' title='bbox 1685 1035 1738 1097; x_wconf 88' lang='lat' dir='ltr'><strong>si</strong></span> <span class='ocrx_word' id='word_1_73' title='bbox 1781 1035 1847 1097; x_wconf 93' lang='lat' dir='ltr'><strong>in</strong></span> <span class='ocrx_word' id='word_1_74' title='bbox 1892 1032 2018 1096; x_wconf 89' lang='lat' dir='ltr'><strong>hoc</strong></span> <span class='ocrx_word' id='word_1_75' title='bbox 2051 1031 2586 1119; x_wconf 82' lang='lat' dir='ltr'><strong>significationum</strong></span> <span class='ocrx_word' id='word_1_76' title='bbox 2617 1050 2716 1094; x_wconf 85' lang='lat' dir='ltr'><strong>re-</strong></span> 
     </span>
     <span class='ocr_line' id='line_1_9' title="bbox 508 1129 2722 1220; baseline 0.001 -24"><span class='ocrx_word' id='word_1_77' title='bbox 508 1152 721 1209; x_wconf 85' lang='lat' dir='ltr'><strong>censu,</strong></span> <span class='ocrx_word' id='word_1_78' title='bbox 763 1129 1090 1219; x_wconf 83' lang='lat' dir='ltr'><strong>vulgarem</strong></span> <span class='ocrx_word' id='word_1_79' title='bbox 1136 1156 1314 1199; x_wconf 89' lang='lat' dir='ltr'><strong>usum</strong></span> <span class='ocrx_word' id='word_1_80' title='bbox 1363 1138 1579 1220; x_wconf 85' lang='lat' dir='ltr'><strong>potius</strong></span> <span class='ocrx_word' id='word_1_81' title='bbox 1626 1158 1810 1220; x_wconf 88' lang='lat' dir='ltr'><strong>quam</strong></span> <span class='ocrx_word' id='word_1_82' title='bbox 1855 1139 2139 1201; x_wconf 90' lang='lat' dir='ltr'><strong>notionis</strong></span> <span class='ocrx_word' id='word_1_83' title='bbox 2184 1139 2493 1202; x_wconf 87' lang='lat' dir='ltr'><strong>rationem</strong></span> <span class='ocrx_word' id='word_1_84' title='bbox 2539 1155 2722 1199; x_wconf 80' lang='lat' dir='ltr'><strong>secu-</strong></span> 
     </span>
     <span class='ocr_line' id='line_1_10' title="bbox 505 1233 2672 1323; baseline 0.001 -23"><span class='ocrx_word' id='word_1_85' title='bbox 505 1245 625 1314; x_wconf 67' lang='lat' dir='ltr'><strong>tm,</strong></span> <span class='ocrx_word' id='word_1_86' title='bbox 672 1256 747 1299; x_wconf 91' lang='lat' dir='ltr'><strong>ea</strong></span> <span class='ocrx_word' id='word_1_87' title='bbox 794 1233 1130 1300; x_wconf 85' lang='lat' dir='ltr'><strong>distinctim</strong></span> <span class='ocrx_word' id='word_1_88' title='bbox 1177 1238 1383 1316; x_wconf 84' lang='lat' dir='ltr'><strong>affert,</strong></span> <span class='ocrx_word' id='word_1_89' title='bbox 1429 1260 1593 1323; x_wconf 90' lang='lat' dir='ltr'><strong>quae</strong></span> <span class='ocrx_word' id='word_1_90' title='bbox 1637 1238 1860 1303; x_wconf 89' lang='lat' dir='ltr'><strong>melius</strong></span> <span class='ocrx_word' id='word_1_91' title='bbox 1898 1238 1978 1304; x_wconf 84' lang='lat' dir='ltr'><strong>ad</strong></span> <span class='ocrx_word' id='word_1_92' title='bbox 2014 1237 2178 1302; x_wconf 89' lang='lat' dir='ltr'><strong>idem</strong></span> <span class='ocrx_word' id='word_1_93' title='bbox 2210 1237 2672 1304; x_wconf 83' lang='lat' dir='ltr'><strong>referebantur.</strong></span> 
     </span>
    </p>

    <p class='ocr_par' dir='ltr' id='par_1_3' title="bbox 456 1340 2726 3407">
     <span class='ocr_line' id='line_1_11' title="bbox 643 1340 2719 1427; baseline 0.001 -23"><span class='ocrx_word' id='word_1_94' title='bbox 643 1340 849 1404; x_wconf 72' lang='lat'><strong>101711</strong></span> <span class='ocrx_word' id='word_1_95' title='bbox 887 1341 1192 1405; x_wconf 83' lang='lat'><strong>23—26.</strong></span> <span class='ocrx_word' id='word_1_96' title='bbox 1268 1342 1621 1426; x_wconf 80' lang='lat' dir='ltr'><strong>Propterea</strong></span> <span class='ocrx_word' id='word_1_97' title='bbox 1665 1341 1945 1427; x_wconf 91' lang='lat' dir='ltr'><strong>denique</strong></span> <span class='ocrx_word' id='word_1_98' title='bbox 1991 1340 2356 1426; x_wconf 85' lang='lat' dir='ltr'><strong>complexus</strong></span> <span class='ocrx_word' id='word_1_99' title='bbox 2400 1362 2563 1426; x_wconf 87' lang='lat' dir='ltr'><strong>quae</strong></span> <span class='ocrx_word' id='word_1_100' title='bbox 2609 1360 2719 1406; x_wconf 85' lang='lat' dir='ltr'><strong>an-</strong></span> 
     </span>
     <span class='ocr_line' id='line_1_12' title="bbox 509 1438 2726 1530; baseline -0 -23"><span class='ocrx_word' id='word_1_101' title='bbox 509 1452 613 1507; x_wconf 88' lang='lat' dir='ltr'><strong>tea</strong></span> <span class='ocrx_word' id='word_1_102' title='bbox 656 1445 1052 1507; x_wconf 80' lang='lat' dir='ltr'><strong>enumeravit</strong></span> <span class='ocrx_word' id='word_1_103' title='bbox 1096 1445 1477 1528; x_wconf 81' lang='grc' dir='ltr'>(συμβαίνει</span> <span class='ocrx_word' id='word_1_104' title='bbox 1521 1438 1634 1522; x_wconf 84' lang='grc' dir='ltr'><strong>δή,</strong></span> <span class='ocrx_word' id='word_1_105' title='bbox 1677 1443 1866 1510; x_wconf 83' lang='lat' dir='ltr'><strong>inde</strong></span> <span class='ocrx_word' id='word_1_106' title='bbox 1914 1446 2464 1530; x_wconf 82' lang='lat' dir='ltr'><strong>consequitur,</strong></span> <span class='ocrx_word' id='word_1_107' title='bbox 2509 1444 2588 1509; x_wconf 85' lang='lat' dir='ltr'><strong>cf.</strong></span> <span class='ocrx_word' id='word_1_108' title='bbox 2634 1441 2726 1506; x_wconf 85' lang='lat' dir='ltr'><strong>ad</strong></span> 
     </span>
     <span class='ocr_line' id='line_1_13' title="bbox 504 1545 2719 1634; baseline 0.001 -24"><span class='ocrx_word' id='word_1_109' title='bbox 504 1545 579 1611; x_wconf 86' lang='grc' dir='ltr'><em>Α</em></span> <span class='ocrx_word' id='word_1_110' title='bbox 598 1547 662 1610; x_wconf 84' lang='grc' dir='ltr'><strong>Θ.</strong></span> <span class='ocrx_word' id='word_1_111' title='bbox 692 1546 861 1610; x_wconf 75' lang='grc' dir='ltr'><strong>989α</strong></span> <span class='ocrx_word' id='word_1_112' title='bbox 886 1548 1014 1625; x_wconf 82' lang='grc'><strong>22)</strong></span> <span class='ocrx_word' id='word_1_113' title='bbox 1059 1545 1139 1610; x_wconf 90' lang='lat' dir='ltr'><strong>ad</strong></span> <span class='ocrx_word' id='word_1_114' title='bbox 1185 1546 1344 1612; x_wconf 87' lang='lat' dir='ltr'><strong>duas</strong></span> <span class='ocrx_word' id='word_1_115' title='bbox 1382 1550 1685 1612; x_wconf 86' lang='lat' dir='ltr'><strong>notiones</strong></span> <span class='ocrx_word' id='word_1_116' title='bbox 1726 1569 1947 1613; x_wconf 84' lang='lat' dir='ltr'><strong>omnes</strong></span> <span class='ocrx_word' id='word_1_117' title='bbox 1981 1546 2370 1612; x_wconf 84' lang='lat' dir='ltr'><strong>substantiae</strong></span> <span class='ocrx_word' id='word_1_118' title='bbox 2400 1546 2719 1634; x_wconf 86' lang='lat' dir='ltr'><strong>significa-</strong></span> 
     </span>
     <span class='ocr_line' id='line_1_14' title="bbox 505 1643 2722 1737; baseline -0 -24"><span class='ocrx_word' id='word_1_119' title='bbox 505 1651 717 1713; x_wconf 73' lang='lat' dir='ltr'><strong>tiones</strong></span> <span class='ocrx_word' id='word_1_120' title='bbox 744 1648 998 1737; x_wconf 80' lang='lat' dir='ltr'><strong>redigit,</strong></span> <span class='ocrx_word' id='word_1_121' title='bbox 1026 1671 1289 1735; x_wconf 88' lang='lat' dir='ltr'><strong>quarum</strong></span> <span class='ocrx_word' id='word_1_122' title='bbox 1317 1654 1510 1737; x_wconf 85' lang='lat' dir='ltr'><strong>prior,</strong></span> <span class='ocrx_word' id='word_1_123' title='bbox 1537 1645 1615 1716; x_wconf 82' lang='grc' dir='ltr'><strong>τὸ</strong></span> <span class='ocrx_word' id='word_1_124' title='bbox 1643 1647 2071 1734; x_wconf 79' lang='grc' dir='ltr'><strong><em>ὑποκείμενον</em></strong></span> <span class='ocrx_word' id='word_1_125' title='bbox 2100 1652 2395 1733; x_wconf 76' lang='grc' dir='ltr'><strong><em>ἔσχατον,</em></strong></span> <span class='ocrx_word' id='word_1_126' title='bbox 2420 1643 2459 1713; x_wconf 80' lang='grc' dir='ltr'>ὃ</span> <span class='ocrx_word' id='word_1_127' title='bbox 2487 1652 2722 1733; x_wconf 76' lang='grc' dir='ltr'><strong><em>μηκέτι</em></strong></span> 
     </span>
     <span class='ocr_line' id='line_1_15' title="bbox 505 1744 2718 1839; baseline -0.001 -21"><span class='ocrx_word' id='word_1_128' title='bbox 505 1748 649 1818; x_wconf 81' lang='grc' dir='ltr'><strong><em>κατ’</em></strong></span> <span class='ocrx_word' id='word_1_129' title='bbox 689 1744 895 1818; x_wconf 77' lang='grc' dir='ltr'><em>ἄλλου</em></span> <span class='ocrx_word' id='word_1_130' title='bbox 937 1753 1213 1836; x_wconf 78' lang='grc' dir='ltr'><strong><em>λέγεται,</em></strong></span> <span class='ocrx_word' id='word_1_131' title='bbox 1254 1756 1591 1820; x_wconf 83' lang='lat' dir='ltr'><strong>manifesto</strong></span> <span class='ocrx_word' id='word_1_132' title='bbox 1639 1753 1861 1819; x_wconf 86' lang='lat' dir='ltr'><strong>eadem</strong></span> <span class='ocrx_word' id='word_1_133' title='bbox 1908 1764 2020 1831; x_wconf 89' lang='lat' dir='ltr'><strong>est,</strong></span> <span class='ocrx_word' id='word_1_134' title='bbox 2065 1774 2253 1839; x_wconf 84' lang='lat' dir='ltr'><strong>quam</strong></span> <span class='ocrx_word' id='word_1_135' title='bbox 2290 1762 2479 1818; x_wconf 82' lang='lat' dir='ltr'><strong>antea</strong></span> <span class='ocrx_word' id='word_1_136' title='bbox 2506 1755 2718 1837; x_wconf 88' lang='lat' dir='ltr'><strong>primo</strong></span> 
     </span>
     <span class='ocr_line' id='line_1_16' title="bbox 505 1851 2716 1942; baseline -0 -22"><span class='ocrx_word' id='word_1_137' title='bbox 505 1856 658 1921; x_wconf 89' lang='lat' dir='ltr'><strong>loco</strong></span> <span class='ocrx_word' id='word_1_138' title='bbox 691 1865 1012 1942; x_wconf 85' lang='lat' dir='ltr'><strong>posuerat,</strong></span> <span class='ocrx_word' id='word_1_139' title='bbox 1043 1851 1145 1921; x_wconf 82' lang='grc' dir='ltr'><strong>ὅτι</strong></span> <span class='ocrx_word' id='word_1_140' title='bbox 1177 1854 1257 1923; x_wconf 81' lang='grc' dir='ltr'><strong>οὐ</strong></span> <span class='ocrx_word' id='word_1_141' title='bbox 1284 1856 1451 1922; x_wconf 74' lang='grc' dir='ltr'><strong><em>καθ’</em></strong></span> <span class='ocrx_word' id='word_1_142' title='bbox 1483 1856 1910 1941; x_wconf 77' lang='grc' dir='ltr'><strong><em>ὑποκειμένου</em></strong></span> <span class='ocrx_word' id='word_1_143' title='bbox 1936 1858 2193 1939; x_wconf 78' lang='grc' dir='ltr'><strong><em>λέγεται</em></strong></span> <span class='ocrx_word' id='word_1_144' title='bbox 2218 1857 2352 1921; x_wconf 83' lang='grc' dir='ltr'><strong>κτλ.</strong></span> <span class='ocrx_word' id='word_1_145' title='bbox 2411 1857 2495 1919; x_wconf 90' lang='lat' dir='ltr'><strong>Et</strong></span> <span class='ocrx_word' id='word_1_146' title='bbox 2522 1875 2716 1940; x_wconf 86' lang='lat' dir='ltr'><strong>quum</strong></span> 
     </span>
     <span class='ocr_line' id='line_1_17' title="bbox 504 1956 2716 2047; baseline -0.001 -23"><span class='ocrx_word' id='word_1_147' title='bbox 504 1956 934 2043; x_wconf 81' lang='grc' dir='ltr'><strong><em>ὑποκείμενον</em></strong></span> <span class='ocrx_word' id='word_1_148' title='bbox 990 1959 1271 2044; x_wconf 72' lang='grc' dir='ltr'><strong><em>ἔσχατον</em></strong></span> <span class='ocrx_word' id='word_1_149' title='bbox 1326 1963 1460 2042; x_wconf 76' lang='lat' dir='ltr'><strong>siye</strong></span> <span class='ocrx_word' id='word_1_150' title='bbox 1515 1961 1780 2047; x_wconf 81' lang='grc' dir='ltr'><strong><em>πρῶτον</em></strong></span> <span class='ocrx_word' id='word_1_151' title='bbox 1836 1958 1942 2024; x_wconf 84' lang='lat' dir='ltr'><strong>vel</strong></span> <span class='ocrx_word' id='word_1_152' title='bbox 1998 1980 2099 2023; x_wconf 90' lang='lat' dir='ltr'><strong>res</strong></span> <span class='ocrx_word' id='word_1_153' title='bbox 2156 1957 2444 2046; x_wconf 88' lang='lat' dir='ltr'><strong>singulas</strong></span> <span class='ocrx_word' id='word_1_154' title='bbox 2487 1968 2554 2023; x_wconf 85' lang='lat' dir='ltr'><strong>et</strong></span> <span class='ocrx_word' id='word_1_155' title='bbox 2596 1980 2716 2043; x_wconf 90' lang='lat' dir='ltr'><strong>per</strong></span> 
     </span>
     <span class='ocr_line' id='line_1_18' title="bbox 505 2060 2716 2150; baseline 0 -25"><span class='ocrx_word' id='word_1_156' title='bbox 505 2084 575 2127; x_wconf 91' lang='lat' dir='ltr'><strong>se</strong></span> <span class='ocrx_word' id='word_1_157' title='bbox 618 2065 1007 2139; x_wconf 77' lang='lat' dir='ltr'><strong>exsistenteS,</strong></span> <span class='ocrx_word' id='word_1_158' title='bbox 1052 2063 1505 2128; x_wconf 72' lang='lat' dir='ltr'><strong>affectionibus</strong></span> <span class='ocrx_word' id='word_1_159' title='bbox 1536 2063 1855 2128; x_wconf 89' lang='lat' dir='ltr'><strong>subiectas</strong></span> <span class='ocrx_word' id='word_1_160' title='bbox 1884 2062 2219 2150; x_wconf 87' lang='lat' dir='ltr'><strong>significet,</strong></span> <span class='ocrx_word' id='word_1_161' title='bbox 2257 2060 2362 2125; x_wconf 84' lang='lat' dir='ltr'><strong>vel</strong></span> <span class='ocrx_word' id='word_1_162' title='bbox 2392 2063 2716 2128; x_wconf 80' lang='lat' dir='ltr'><strong>materiam</strong></span> 
     </span>
     <span class='ocr_line' id='line_1_19' title="bbox 506 2163 2714 2250; baseline 0 -22"><span class='ocrx_word' id='word_1_163' title='bbox 506 2163 848 2229; x_wconf 86' lang='lat' dir='ltr'><strong>cuiuslibet</strong></span> <span class='ocrx_word' id='word_1_164' title='bbox 892 2165 1135 2230; x_wconf 86' lang='lat' dir='ltr'><strong>formae</strong></span> <span class='ocrx_word' id='word_1_165' title='bbox 1180 2176 1515 2250; x_wconf 84' lang='lat' dir='ltr'><strong>expertem,</strong></span> <span class='ocrx_word' id='word_1_166' title='bbox 1563 2167 1642 2230; x_wconf 86' lang='lat' dir='ltr'><strong>cs.</strong></span> <span class='ocrx_word' id='word_1_167' title='bbox 1691 2166 1769 2231; x_wconf 86' lang='lat' dir='ltr'><strong>ad</strong></span> <span class='ocrx_word' id='word_1_168' title='bbox 1801 2168 1871 2230; x_wconf 84' lang='lat' dir='ltr'><em>A</em></span> <span class='ocrx_word' id='word_1_169' title='bbox 1901 2169 1963 2232; x_wconf 85' lang='grc'><strong>2.</strong></span> <span class='ocrx_word' id='word_1_170' title='bbox 1998 2167 2167 2231; x_wconf 80' lang='lat' dir='ltr'><em>982a</em></span> <span class='ocrx_word' id='word_1_171' title='bbox 2191 2167 2295 2243; x_wconf 81' lang='lat'><strong>23,</strong></span> <span class='ocrx_word' id='word_1_172' title='bbox 2339 2167 2562 2250; x_wconf 88' lang='lat' dir='ltr'><strong>priore</strong></span> <span class='ocrx_word' id='word_1_173' title='bbox 2603 2164 2714 2228; x_wconf 86' lang='lat' dir='ltr'><strong>illa</strong></span> 
     </span>
     <span class='ocr_line' id='line_1_20' title="bbox 505 2251 2715 2355; baseline -0.002 -19"><span class='ocrx_word' id='word_1_174' title='bbox 505 2269 777 2336; x_wconf 86' lang='lat' dir='ltr'><strong>notione</strong></span> <span class='ocrx_word' id='word_1_175' title='bbox 819 2267 924 2331; x_wconf 91' lang='lat' dir='ltr'><strong>hic</strong></span> <span class='ocrx_word' id='word_1_176' title='bbox 969 2262 1045 2333; x_wconf 81' lang='grc' dir='ltr'><strong>τὰ</strong></span> <span class='ocrx_word' id='word_1_177' title='bbox 1088 2265 1517 2351; x_wconf 81' lang='grc' dir='ltr'><strong><em>ὑποκείμενον</em></strong></span> <span class='ocrx_word' id='word_1_178' title='bbox 1562 2272 1855 2355; x_wconf 85' lang='lat' dir='ltr'><strong>usurpari</strong></span> <span class='ocrx_word' id='word_1_179' title='bbox 1910 2291 1985 2334; x_wconf 84' lang='lat' dir='ltr'><strong>ex</strong></span> <span class='ocrx_word' id='word_1_180' title='bbox 2044 2269 2344 2355; x_wconf 77' lang='lat' dir='ltr'><strong>exemplis</strong></span> <span class='ocrx_word' id='word_1_181' title='bbox 2394 2290 2587 2355; x_wconf 84' lang='lat' dir='ltr'><strong>supra</strong></span> <span class='ocrx_word' id='word_1_182' title='bbox 2631 2251 2715 2332; x_wconf 73' lang='lat' dir='ltr'><strong>ad</strong></span> 
     </span>
     <span class='ocr_line' id='line_1_21' title="bbox 503 2369 2716 2460; baseline 0 -25"><span class='ocrx_word' id='word_1_183' title='bbox 503 2392 637 2437; x_wconf 87' lang='lat' dir='ltr'><strong>rem</strong></span> <span class='ocrx_word' id='word_1_184' title='bbox 693 2369 1130 2436; x_wconf 79' lang='lat' dir='ltr'><strong>illustrandam</strong></span> <span class='ocrx_word' id='word_1_185' title='bbox 1192 2370 1484 2436; x_wconf 85' lang='lat' dir='ltr'><strong>adhibitis</strong></span> <span class='ocrx_word' id='word_1_186' title='bbox 1532 2371 1961 2460; x_wconf 69' lang='lat' dir='ltr'><strong>cognescitur.</strong></span> <span class='ocrx_word' id='word_1_187' title='bbox 2053 2372 2271 2437; x_wconf 85' lang='lat' dir='ltr'><strong>Altera</strong></span> <span class='ocrx_word' id='word_1_188' title='bbox 2317 2381 2524 2438; x_wconf 86' lang='lat' dir='ltr'><strong>autem</strong></span> <span class='ocrx_word' id='word_1_189' title='bbox 2567 2371 2716 2437; x_wconf 87' lang='lat' dir='ltr'><strong>sub-</strong></span> 
     </span>
     <span class='ocr_line' id='line_1_22' title="bbox 505 2474 2717 2564; baseline -0 -24"><span class='ocrx_word' id='word_1_190' title='bbox 505 2477 777 2541; x_wconf 86' lang='lat' dir='ltr'><strong>stantiae</strong></span> <span class='ocrx_word' id='word_1_191' title='bbox 819 2478 1039 2554; x_wconf 88' lang='lat' dir='ltr'><strong>notio,</strong></span> <span class='ocrx_word' id='word_1_192' title='bbox 1097 2485 1169 2540; x_wconf 90' lang='lat' dir='ltr'><strong>ut</strong></span> <span class='ocrx_word' id='word_1_193' title='bbox 1212 2475 1533 2564; x_wconf 88' lang='lat' dir='ltr'><strong>significet</strong></span> <span class='ocrx_word' id='word_1_194' title='bbox 1576 2475 1818 2541; x_wconf 85' lang='lat' dir='ltr'><strong>formae</strong></span> <span class='ocrx_word' id='word_1_195' title='bbox 1868 2475 2338 2556; x_wconf 86' lang='lat' dir='ltr'><strong>definitionem,</strong></span> <span class='ocrx_word' id='word_1_196' title='bbox 2396 2488 2525 2541; x_wconf 90' lang='lat' dir='ltr'><strong>tres</strong></span> <span class='ocrx_word' id='word_1_197' title='bbox 2570 2474 2717 2540; x_wconf 88' lang='lat' dir='ltr'><strong>reli-</strong></span> 
     </span>
     <span class='ocr_line' id='line_1_23' title="bbox 456 2578 2716 2667; baseline 0.001 -23"><span class='ocrx_word' id='word_1_198' title='bbox 456 2581 460 2584; x_wconf 62' lang='grc'><em>”</em></span> <span class='ocrx_word' id='word_1_199' title='bbox 504 2602 660 2665; x_wconf 86' lang='lat' dir='ltr'><strong>quas</strong></span> <span class='ocrx_word' id='word_1_200' title='bbox 706 2578 1149 2665; x_wconf 83' lang='lat' dir='ltr'><strong>complectitur</strong></span> <span class='ocrx_word' id='word_1_201' title='bbox 1190 2580 1581 2645; x_wconf 88' lang='lat' dir='ltr'><strong>substantiae</strong></span> <span class='ocrx_word' id='word_1_202' title='bbox 1622 2579 2150 2667; x_wconf 77' lang='lat' dir='ltr'><strong>significationes·</strong></span> <span class='ocrx_word' id='word_1_203' title='bbox 2220 2583 2428 2667; x_wconf 85' lang='lat' dir='ltr'><strong>Quam</strong></span> <span class='ocrx_word' id='word_1_204' title='bbox 2459 2580 2716 2665; x_wconf 78' lang='lat' dir='ltr'><strong>quidem</strong></span> 
     </span>
     <span class='ocr_line' id='line_1_24' title="bbox 504 2672 2714 2773; baseline 0 -26"><span class='ocrx_word' id='word_1_205' title='bbox 504 2682 682 2768; x_wconf 90' lang='lat' dir='ltr'><strong>quod</strong></span> <span class='ocrx_word' id='word_1_206' title='bbox 728 2682 882 2747; x_wconf 90' lang='lat' dir='ltr'><strong>dicit</strong></span> <span class='ocrx_word' id='word_1_207' title='bbox 927 2677 965 2747; x_wconf 87' lang='grc' dir='ltr'>ὃ</span> <span class='ocrx_word' id='word_1_208' title='bbox 1011 2675 1098 2749; x_wconf 72' lang='grc' dir='ltr'><strong>ἂν</strong></span> <span class='ocrx_word' id='word_1_209' title='bbox 1141 2679 1291 2748; x_wconf 78' lang='grc' dir='ltr'><em>τόδε</em></span> <span class='ocrx_word' id='word_1_210' title='bbox 1335 2707 1398 2748; x_wconf 84' lang='grc' dir='ltr'><strong>τι</strong></span> <span class='ocrx_word' id='word_1_211' title='bbox 1443 2676 1524 2748; x_wconf 84' lang='grc' dir='ltr'><strong>ὂν</strong></span> <span class='ocrx_word' id='word_1_212' title='bbox 1567 2684 1680 2747; x_wconf 84' lang='grc' dir='ltr'><strong>καὶ</strong></span> <span class='ocrx_word' id='word_1_213' title='bbox 1716 2676 2043 2768; x_wconf 83' lang='grc' dir='ltr'><em>χωριστὸν</em></span> <span class='ocrx_word' id='word_1_214' title='bbox 2083 2672 2143 2773; x_wconf 77' lang='grc' dir='ltr'><strong>ᾖ,</strong></span> <span class='ocrx_word' id='word_1_215' title='bbox 2186 2682 2518 2749; x_wconf 82' lang='lat' dir='ltr'><strong>vocabulis</strong></span> <span class='ocrx_word' id='word_1_216' title='bbox 2563 2681 2714 2749; x_wconf 82' lang='grc' dir='ltr'><strong><em>τόδε</em></strong></span> 
     </span>
     <span class='ocr_line' id='line_1_25' title="bbox 502 2785 2715 2872; baseline 0 -23"><span class='ocrx_word' id='word_1_217' title='bbox 502 2809 569 2849; x_wconf 83' lang='grc' dir='ltr'><strong>τι</strong></span> <span class='ocrx_word' id='word_1_218' title='bbox 609 2785 1000 2872; x_wconf 83' lang='lat' dir='ltr'><strong>singularum</strong></span> <span class='ocrx_word' id='word_1_219' title='bbox 1046 2809 1255 2851; x_wconf 91' lang='lat' dir='ltr'><strong>rerum</strong></span> <span class='ocrx_word' id='word_1_220' title='bbox 1312 2787 1515 2851; x_wconf 82' lang='lat' dir='ltr'><strong>forma</strong></span> <span class='ocrx_word' id='word_1_221' title='bbox 1576 2785 1836 2850; x_wconf 84' lang='lat' dir='ltr'><strong>definita</strong></span> <span class='ocrx_word' id='word_1_222' title='bbox 1894 2786 2274 2851; x_wconf 86' lang='lat' dir='ltr'><strong>describitur</strong></span> <span class='ocrx_word' id='word_1_223' title='bbox 2320 2788 2439 2866; x_wconf 85' lang='lat' dir='ltr'><strong>(cf.</strong></span> <span class='ocrx_word' id='word_1_224' title='bbox 2484 2789 2715 2850; x_wconf 82' lang='lat' dir='ltr'><strong>Waitz</strong></span> 
     </span>
     <span class='ocr_line' id='line_1_26' title="bbox 504 2884 2716 2976; baseline 0.001 -23"><span class='ocrx_word' id='word_1_225' title='bbox 504 2888 667 2974; x_wconf 87' lang='lat' dir='ltr'><strong>Org.</strong></span> <span class='ocrx_word' id='word_1_226' title='bbox 710 2890 785 2953; x_wconf 71' lang='lat'><strong>3⁶</strong></span> <span class='ocrx_word' id='word_1_227' title='bbox 824 2891 977 2967; x_wconf 75' lang='lat'><strong>1⁰),</strong></span> <span class='ocrx_word' id='word_1_228' title='bbox 1029 2884 1355 2976; x_wconf 79' lang='grc' dir='ltr'><em>χωριστόν</em></span> <span class='ocrx_word' id='word_1_229' title='bbox 1412 2900 1621 2955; x_wconf 89' lang='lat' dir='ltr'><strong>autem</strong></span> <span class='ocrx_word' id='word_1_230' title='bbox 1673 2910 1806 2954; x_wconf 90' lang='lat' dir='ltr'><strong>non</strong></span> <span class='ocrx_word' id='word_1_231' title='bbox 1853 2890 1978 2955; x_wconf 84' lang='lat' dir='ltr'><strong>dici</strong></span> <span class='ocrx_word' id='word_1_232' title='bbox 2023 2891 2083 2954; x_wconf 88' lang='lat' dir='ltr'><strong>h.</strong></span> <span class='ocrx_word' id='word_1_233' title='bbox 2130 2889 2171 2954; x_wconf 87' lang='lat'><strong>1.</strong></span> <span class='ocrx_word' id='word_1_234' title='bbox 2217 2890 2393 2975; x_wconf 90' lang='lat' dir='ltr'><strong>quod</strong></span> <span class='ocrx_word' id='word_1_235' title='bbox 2438 2913 2540 2969; x_wconf 88' lang='lat' dir='ltr'><strong>re,</strong></span> <span class='ocrx_word' id='word_1_236' title='bbox 2598 2889 2716 2957; x_wconf 84' lang='lat' dir='ltr'><strong>sed</strong></span> 
     </span>
     <span class='ocr_line' id='line_1_27' title="bbox 503 2989 2706 3079; baseline 0.002 -26"><span class='ocrx_word' id='word_1_237' title='bbox 503 2989 679 3076; x_wconf 75' lang='lat' dir='ltr'><strong>quod</strong></span> <span class='ocrx_word' id='word_1_238' title='bbox 709 2993 975 3056; x_wconf 89' lang='lat' dir='ltr'><strong>notione</strong></span> <span class='ocrx_word' id='word_1_239' title='bbox 1007 2995 1361 3057; x_wconf 86' lang='lat' dir='ltr'><strong>seiunctum</strong></span> <span class='ocrx_word' id='word_1_240' title='bbox 1394 3002 1506 3069; x_wconf 84' lang='lat' dir='ltr'><strong>est,</strong></span> <span class='ocrx_word' id='word_1_241' title='bbox 1541 2995 1951 3079; x_wconf 83' lang='lat' dir='ltr'><strong>cognoscitur</strong></span> <span class='ocrx_word' id='word_1_242' title='bbox 1982 2992 2131 3058; x_wconf 89' lang='lat' dir='ltr'><strong>coll.</strong></span> <span class='ocrx_word' id='word_1_243' title='bbox 2155 2995 2245 3058; x_wconf 92' lang='lat' dir='ltr'><em>H</em></span> <span class='ocrx_word' id='word_1_244' title='bbox 2270 2996 2327 3058; x_wconf 88' lang='lat'><strong>1.</strong></span> <span class='ocrx_word' id='word_1_245' title='bbox 2364 2997 2572 3059; x_wconf 68' lang='lat'>1042«</span> <span class='ocrx_word' id='word_1_246' title='bbox 2596 2996 2706 3059; x_wconf 82' lang='lat'><strong>26:</strong></span> 
     </span>
     <span class='ocr_line' id='line_1_28' title="bbox 503 3090 2713 3185; baseline 0.001 -27"><span class='ocrx_word' id='word_1_247' title='bbox 503 3094 640 3159; x_wconf 74' lang='grc' dir='ltr'><em>ἔστι</em></span> <span class='ocrx_word' id='word_1_248' title='bbox 684 3090 744 3157; x_wconf 80' lang='grc' dir='ltr'><strong>δ’</strong></span> <span class='ocrx_word' id='word_1_249' title='bbox 784 3090 982 3160; x_wconf 81' lang='grc' dir='ltr'><em>οὐσία</em></span> <span class='ocrx_word' id='word_1_250' title='bbox 1026 3132 1127 3174; x_wconf 88' lang='grc'><strong>--,</strong></span> <span class='ocrx_word' id='word_1_251' title='bbox 1170 3090 1386 3173; x_wconf 80' lang='grc' dir='ltr'><em>ἄλλως</em></span> <span class='ocrx_word' id='word_1_252' title='bbox 1431 3093 1489 3161; x_wconf 85' lang='grc' dir='ltr'><strong>δ’</strong></span> <span class='ocrx_word' id='word_1_253' title='bbox 1532 3092 1568 3159; x_wconf 86' lang='grc' dir='ltr'>ὁ</span> <span class='ocrx_word' id='word_1_254' title='bbox 1614 3091 1812 3178; x_wconf 79' lang='grc' dir='ltr'><strong><em>λόγος</em></strong></span> <span class='ocrx_word' id='word_1_255' title='bbox 1855 3099 1966 3162; x_wconf 75' lang='grc' dir='ltr'><strong>καὶ</strong></span> <span class='ocrx_word' id='word_1_256' title='bbox 2011 3094 2053 3175; x_wconf 84' lang='grc' dir='ltr'><strong><em>ἡ</em></strong></span> <span class='ocrx_word' id='word_1_257' title='bbox 2090 3092 2339 3185; x_wconf 81' lang='grc' dir='ltr'><em>μορφή,</em></span> <span class='ocrx_word' id='word_1_258' title='bbox 2386 3092 2423 3162; x_wconf 80' lang='grc' dir='ltr'>ὃ</span> <span class='ocrx_word' id='word_1_259' title='bbox 2462 3094 2612 3163; x_wconf 75' lang='grc' dir='ltr'><em>τόδε</em></span> <span class='ocrx_word' id='word_1_260' title='bbox 2647 3120 2713 3162; x_wconf 85' lang='grc' dir='ltr'><strong>τι</strong></span> 
     </span>
     <span class='ocr_line' id='line_1_29' title="bbox 505 3190 2711 3285; baseline 0.001 -21"><span class='ocrx_word' id='word_1_261' title='bbox 505 3190 584 3264; x_wconf 80' lang='grc' dir='ltr'><strong>ὂν</strong></span> <span class='ocrx_word' id='word_1_262' title='bbox 627 3198 722 3281; x_wconf 72' lang='grc' dir='ltr'><strong>τῷ</strong></span> <span class='ocrx_word' id='word_1_263' title='bbox 763 3193 940 3281; x_wconf 75' lang='grc' dir='ltr'><strong><em>λόγῳ</em></strong></span> <span class='ocrx_word' id='word_1_264' title='bbox 973 3194 1303 3285; x_wconf 77' lang='grc' dir='ltr'><strong><em>χωριστόν</em></strong></span> <span class='ocrx_word' id='word_1_265' title='bbox 1346 3204 1541 3265; x_wconf 76' lang='grc' dir='ltr'><strong>ἐστιν.</strong></span> <span class='ocrx_word' id='word_1_266' title='bbox 1600 3198 1679 3263; x_wconf 88' lang='lat' dir='ltr'><strong>cf.</strong></span> <span class='ocrx_word' id='word_1_267' title='bbox 1727 3201 1789 3263; x_wconf 95' lang='lat' dir='ltr'><em>Z</em></span> <span class='ocrx_word' id='word_1_268' title='bbox 1826 3203 1887 3263; x_wconf 89' lang='lat'><strong>3.</strong></span> <span class='ocrx_word' id='word_1_269' title='bbox 1937 3201 2146 3267; x_wconf 81' lang='lat' dir='ltr'>1029a</span> <span class='ocrx_word' id='word_1_270' title='bbox 2182 3202 2288 3265; x_wconf 80' lang='lat'><strong>38.</strong></span> <span class='ocrx_word' id='word_1_271' title='bbox 2350 3203 2451 3265; x_wconf 81' lang='lat'><strong>14.</strong></span> <span class='ocrx_word' id='word_1_272' title='bbox 2502 3204 2711 3267; x_wconf 69' lang='lat'><strong>1039«</strong></span> 
     </span>
     <span class='ocr_line' id='line_1_30' title="bbox 501 3303 2184 3407; baseline -0.001 -40"><span class='ocrx_word' id='word_1_273' title='bbox 501 3303 590 3367; x_wconf 82' lang='lat'><strong>30</strong></span> <span class='ocrx_word' id='word_1_274' title='bbox 628 3322 767 3407; x_wconf 46' lang='grc' dir='ltr'><strong>ειμι.</strong></span> <span class='ocrx_word' id='word_1_275' title='bbox 821 3303 897 3366; x_wconf 89' lang='lat' dir='ltr'><em>A</em></span> <span class='ocrx_word' id='word_1_276' title='bbox 942 3303 1003 3366; x_wconf 89' lang='grc'><strong>3.</strong></span> <span class='ocrx_word' id='word_1_277' title='bbox 1055 3304 1265 3370; x_wconf 77' lang='grc' dir='ltr'><strong>107οα</strong></span> <span class='ocrx_word' id='word_1_278' title='bbox 1301 3304 1406 3367; x_wconf 89' lang='grc'><strong>13.</strong></span> <span class='ocrx_word' id='word_1_279' title='bbox 1469 3303 1664 3389; x_wconf 83' lang='lat' dir='ltr'><strong>Phys.</strong></span> <span class='ocrx_word' id='word_1_280' title='bbox 1710 3304 1772 3368; x_wconf 90' lang='lat'><strong>11</strong></span> <span class='ocrx_word' id='word_1_281' title='bbox 1817 3305 1875 3369; x_wconf 90' lang='lat'><strong>1.</strong></span> <span class='ocrx_word' id='word_1_282' title='bbox 1925 3305 2086 3369; x_wconf 71' lang='lat'><strong>193⁶</strong></span> <span class='ocrx_word' id='word_1_283' title='bbox 2122 3305 2184 3367; x_wconf 86' lang='grc'><strong>4.</strong></span> 
     </span>
    </p>
   </div>
   <div class='ocr_carea' id='block_1_3' title="bbox 1386 3563 1815 3638">
    <p class='ocr_par' dir='ltr' id='par_1_4' title="bbox 1386 3563 1815 3638">
     <span class='ocr_line' id='line_1_31' title="bbox 1386 3563 1815 3638; baseline 0 -3"><span class='ocrx_word' id='word_1_284' title='bbox 1386 3563 1617 3638; x_wconf 89' lang='lat' dir='ltr'>CAP.</span> <span class='ocrx_word' id='word_1_285' title='bbox 1686 3563 1815 3636; x_wconf 88' lang='lat' dir='ltr'><strong>IX.</strong></span> 
     </span>
    </p>
   </div>
   <div class='ocr_carea' id='block_1_4' title="bbox 498 3715 2718 4413">
    <p class='ocr_par' dir='ltr' id='par_1_5' title="bbox 498 3715 2718 4413">
     <span class='ocr_line' id='line_1_32' title="bbox 645 3715 2707 3811; baseline 0.002 -27"><span class='ocrx_word' id='word_1_286' title='bbox 645 3715 941 3797; x_wconf 80' lang='grc' dir='ltr'><strong>Ταύτό,</strong></span> <span class='ocrx_word' id='word_1_287' title='bbox 985 3719 1215 3797; x_wconf 89' lang='lat' dir='ltr'><strong>idem,</strong></span> <span class='ocrx_word' id='word_1_288' title='bbox 1262 3729 1420 3804; x_wconf 91' lang='lat' dir='ltr'><strong>quot</strong></span> <span class='ocrx_word' id='word_1_289' title='bbox 1462 3720 1673 3785; x_wconf 87' lang='lat' dir='ltr'><strong>modis</strong></span> <span class='ocrx_word' id='word_1_290' title='bbox 1720 3721 1968 3788; x_wconf 87' lang='lat' dir='ltr'><strong>dicatur</strong></span> <span class='ocrx_word' id='word_1_291' title='bbox 2004 3727 2407 3810; x_wconf 81' lang='lat' dir='ltr'><strong>expositurus</strong></span> <span class='ocrx_word' id='word_1_292' title='bbox 2439 3725 2707 3811; x_wconf 83' lang='lat' dir='ltr'><strong>perinde</strong></span> 
     </span>
     <span class='ocr_line' id='line_1_33' title="bbox 501 3821 2706 3909; baseline 0.002 -23"><span class='ocrx_word' id='word_1_293' title='bbox 501 3833 690 3909; x_wconf 84' lang='lat' dir='ltr'><strong>atque</strong></span> <span class='ocrx_word' id='word_1_294' title='bbox 746 3826 813 3887; x_wconf 92' lang='lat' dir='ltr'><strong>in</strong></span> <span class='ocrx_word' id='word_1_295' title='bbox 871 3821 1308 3909; x_wconf 80' lang='lat' dir='ltr'><strong>superioribus</strong></span> <span class='ocrx_word' id='word_1_296' title='bbox 1366 3823 1678 3906; x_wconf 84' lang='lat' dir='ltr'><strong>capitibus</strong></span> <span class='ocrx_word' id='word_1_297' title='bbox 1736 3825 1816 3890; x_wconf 88' lang='lat' dir='ltr'><strong>ab</strong></span> <span class='ocrx_word' id='word_1_298' title='bbox 1874 3828 2246 3894; x_wconf 86' lang='lat' dir='ltr'><strong>accidentali</strong></span> <span class='ocrx_word' id='word_1_299' title='bbox 2301 3832 2585 3894; x_wconf 86' lang='lat' dir='ltr'><strong>notionis</strong></span> <span class='ocrx_word' id='word_1_300' title='bbox 2640 3831 2706 3892; x_wconf 89' lang='lat' dir='ltr'><strong>vi</strong></span> 
     </span>
     <span class='ocr_line' id='line_1_34' title="bbox 502 3924 2708 4015; baseline 0.003 -25"><span class='ocrx_word' id='word_1_301' title='bbox 502 3925 764 4006; x_wconf 74' lang='lat' dir='ltr'><strong>orditur,</strong></span> <span class='ocrx_word' id='word_1_302' title='bbox 811 3928 1015 3994; x_wconf 58' lang='lat'>1017&amp;</span> <span class='ocrx_word' id='word_1_303' title='bbox 1049 3924 1465 3991; x_wconf 77' lang='lat' dir='ltr'>24--1018a</span> <span class='ocrx_word' id='word_1_304' title='bbox 1497 3927 1558 4005; x_wconf 80' lang='lat'><strong>4,</strong></span> <span class='ocrx_word' id='word_1_305' title='bbox 1603 3949 1764 4013; x_wconf 83' lang='lat' dir='ltr'><strong>quae</strong></span> <span class='ocrx_word' id='word_1_306' title='bbox 1809 3928 2000 4015; x_wconf 87' lang='lat' dir='ltr'><strong>plane</strong></span> <span class='ocrx_word' id='word_1_307' title='bbox 2047 3936 2327 3997; x_wconf 81' lang='lat' dir='ltr'><strong>concinit</strong></span> <span class='ocrx_word' id='word_1_308' title='bbox 2368 3955 2510 3999; x_wconf 82' lang='lat' dir='ltr'><strong>cum</strong></span> <span class='ocrx_word' id='word_1_309' title='bbox 2550 3935 2708 3997; x_wconf 79' lang='lat' dir='ltr'><strong>acci-</strong></span> 
     </span>
     <span class='ocr_line' id='line_1_35' title="bbox 501 4029 2709 4121; baseline 0.002 -28"><span class='ocrx_word' id='word_1_310' title='bbox 501 4029 742 4094; x_wconf 74' lang='lat' dir='ltr'><strong>dentali</strong></span> <span class='ocrx_word' id='word_1_311' title='bbox 786 4033 851 4093; x_wconf 85' lang='lat' dir='ltr'><strong>vi</strong></span> <span class='ocrx_word' id='word_1_312' title='bbox 898 4033 1212 4095; x_wconf 86' lang='lat' dir='ltr'><strong>essentiae</strong></span> <span class='ocrx_word' id='word_1_313' title='bbox 1250 4041 1314 4094; x_wconf 89' lang='lat' dir='ltr'><strong>et</strong></span> <span class='ocrx_word' id='word_1_314' title='bbox 1348 4034 1623 4107; x_wconf 80' lang='lat' dir='ltr'><strong>unitatis,</strong></span> <span class='ocrx_word' id='word_1_315' title='bbox 1667 4054 1719 4095; x_wconf 91' lang='lat' dir='ltr'><strong>c.</strong></span> <span class='ocrx_word' id='word_1_316' title='bbox 1747 4035 1812 4110; x_wconf 83' lang='lat'><strong>6,</strong></span> <span class='ocrx_word' id='word_1_317' title='bbox 1844 4036 1901 4099; x_wconf 88' lang='grc'><strong>7.</strong></span> <span class='ocrx_word' id='word_1_318' title='bbox 1973 4034 2180 4100; x_wconf 81' lang='lat' dir='ltr'><strong>Cuius</strong></span> <span class='ocrx_word' id='word_1_319' title='bbox 2214 4035 2467 4121; x_wconf 89' lang='lat' dir='ltr'><strong>quidem</strong></span> <span class='ocrx_word' id='word_1_320' title='bbox 2510 4034 2709 4121; x_wconf 78' lang='lat' dir='ltr'><strong>tripli-</strong></span> 
     </span>
     <span class='ocr_line' id='line_1_36' title="bbox 501 4133 2718 4225; baseline 0.004 -28"><span class='ocrx_word' id='word_1_321' title='bbox 501 4154 636 4197; x_wconf 87' lang='lat' dir='ltr'><strong>cem</strong></span> <span class='ocrx_word' id='word_1_322' title='bbox 683 4154 865 4197; x_wconf 88' lang='lat' dir='ltr'><strong>usum</strong></span> <span class='ocrx_word' id='word_1_323' title='bbox 909 4134 1022 4198; x_wconf 89' lang='lat' dir='ltr'><strong>ubi</strong></span> <span class='ocrx_word' id='word_1_324' title='bbox 1068 4133 1392 4219; x_wconf 81' lang='lat' dir='ltr'><strong>explicuit,</strong></span> <span class='ocrx_word' id='word_1_325' title='bbox 1444 4135 1602 4199; x_wconf 80' lang='lat' dir='ltr'><strong>haec</strong></span> <span class='ocrx_word' id='word_1_326' title='bbox 1646 4134 1827 4200; x_wconf 62' lang='lat' dir='ltr'><strong>adcsst</strong></span> <span class='ocrx_word' id='word_1_327' title='bbox 1858 4138 2015 4203; x_wconf 73' lang='lat'><strong>⁶302</strong></span> <span class='ocrx_word' id='word_1_328' title='bbox 2070 4142 2351 4225; x_wconf 75' lang='grc' dir='ltr'><strong><em>ἑκατέρῳ</em></strong></span> <span class='ocrx_word' id='word_1_329' title='bbox 2395 4140 2465 4204; x_wconf 82' lang='grc' dir='ltr'><strong>δὲ</strong></span> <span class='ocrx_word' id='word_1_330' title='bbox 2510 4143 2718 4205; x_wconf 60' lang='grc' dir='ltr'><em>τοῦτο</em></span> 
     </span>
     <span class='ocr_line' id='line_1_37' title="bbox 498 4231 2710 4322; baseline 0.004 -23"><span class='ocrx_word' id='word_1_331' title='bbox 498 4236 613 4300; x_wconf 80' lang='grc' dir='ltr'><strong>καὶ</strong></span> <span class='ocrx_word' id='word_1_332' title='bbox 655 4231 866 4319; x_wconf 79' lang='grc' dir='ltr'><em>τούτῳ</em></span> <span class='ocrx_word' id='word_1_333' title='bbox 908 4232 1218 4322; x_wconf 74' lang='grc' dir='ltr'><em>ἑκάτερον</em></span> <span class='ocrx_word' id='word_1_334' title='bbox 1261 4239 1521 4303; x_wconf 66' lang='grc' dir='ltr'><strong><em>ἐκείνων</em></strong></span> <span class='ocrx_word' id='word_1_335' title='bbox 1565 4241 1679 4302; x_wconf 78' lang='lat' dir='ltr'><strong>int.</strong></span> <span class='ocrx_word' id='word_1_336' title='bbox 1725 4235 1974 4306; x_wconf 80' lang='grc' dir='ltr'><strong>ταύτόν</strong></span> <span class='ocrx_word' id='word_1_337' title='bbox 2013 4245 2210 4320; x_wconf 72' lang='grc' dir='ltr'><strong><em>ἐστιν,</em></strong></span> <span class='ocrx_word' id='word_1_338' title='bbox 2255 4245 2294 4306; x_wconf 87' lang='lat' dir='ltr'><strong>i.</strong></span> <span class='ocrx_word' id='word_1_339' title='bbox 2330 4264 2383 4307; x_wconf 87' lang='lat' dir='ltr'><strong>e.</strong></span> <span class='ocrx_word' id='word_1_340' title='bbox 2430 4263 2566 4307; x_wconf 90' lang='lat' dir='ltr'><strong>non</strong></span> <span class='ocrx_word' id='word_1_341' title='bbox 2604 4263 2710 4307; x_wconf 76' lang='lat' dir='ltr'><strong>so·</strong></span> 
     </span>
     <span class='ocr_line' id='line_1_38' title="bbox 498 4336 2706 4413; baseline 0.003 -10"><span class='ocrx_word' id='word_1_342' title='bbox 498 4336 629 4404; x_wconf 84' lang='lat' dir='ltr'><strong>lum</strong></span> <span class='ocrx_word' id='word_1_343' title='bbox 671 4338 780 4404; x_wconf 83' lang='lat' dir='ltr'><strong>vel</strong></span> <span class='ocrx_word' id='word_1_344' title='bbox 822 4340 1177 4405; x_wconf 82' lang='lat' dir='ltr'><strong>accidentia</strong></span> <span class='ocrx_word' id='word_1_345' title='bbox 1218 4344 1389 4406; x_wconf 82' lang='lat' dir='ltr'><strong>inter</strong></span> <span class='ocrx_word' id='word_1_346' title='bbox 1430 4362 1501 4406; x_wconf 85' lang='lat' dir='ltr'><strong>se</strong></span> <span class='ocrx_word' id='word_1_347' title='bbox 1544 4340 1652 4406; x_wconf 83' lang='lat' dir='ltr'><strong>vel</strong></span> <span class='ocrx_word' id='word_1_348' title='bbox 1695 4342 1989 4409; x_wconf 84' lang='lat' dir='ltr'><strong>accidens</strong></span> <span class='ocrx_word' id='word_1_349' title='bbox 2036 4354 2106 4410; x_wconf 86' lang='lat' dir='ltr'><strong>et</strong></span> <span class='ocrx_word' id='word_1_350' title='bbox 2143 4344 2504 4413; x_wconf 65' lang='lat' dir='ltr'><strong>substantia</strong></span> <span class='ocrx_word' id='word_1_351' title='bbox 2534 4344 2706 4411; x_wconf 76' lang='lat' dir='ltr'><strong>idem</strong></span> 
     </span>
    </p>
   </div>
   <div class='ocr_carea' id='block_1_5' title="bbox 3018 1589 3024 3152">
    <p class='ocr_par' dir='ltr' id='par_1_6' title="bbox 3018 1589 3024 3152">
     <span class='ocr_line' id='line_1_39' title="bbox 3018 1589 3024 3152; baseline 0 0"><span class='ocrx_word' id='word_1_352' title='bbox 3018 1589 3024 3152; x_wconf 95' lang='lat' dir='ltr'><strong> </strong></span> 
     </span>
    </p>
   </div>
   <div class='ocr_carea' id='block_1_6' title="bbox 3015 3506 3016 4029">
    <p class='ocr_par' dir='ltr' id='par_1_7' title="bbox 3015 3506 3016 4029">
     <span class='ocr_line' id='line_1_40' title="bbox 3015 3506 3016 4029; baseline 0 0"><span class='ocrx_word' id='word_1_353' title='bbox 3015 3506 3016 4029; x_wconf 95' lang='lat' dir='ltr'><strong> </strong></span> 
     </span>
    </p>
   </div>
   <div class='ocr_carea' id='block_1_7' title="bbox 3011 4168 3016 4906">
    <p class='ocr_par' dir='ltr' id='par_1_8' title="bbox 3011 4168 3016 4906">
     <span class='ocr_line' id='line_1_41' title="bbox 3011 4168 3016 4906; baseline 0 0"><span class='ocrx_word' id='word_1_354' title='bbox 3011 4168 3016 4906; x_wconf 95' lang='lat' dir='ltr'><strong> </strong></span> 
     </span>
    </p>
   </div>
  </div>
 </body>
</html>
