3043 4973
518 239 664 317 426
1362 247 1409 314 Ι
1449 239 1519 316 3.
1600 237 1872 315 105411.

520 416 741 484 eadem
774 426 929 483 sunt
950 410 1123 482 κατὰ
1154 413 1233 483 τὸ
1269 411 1456 495 εἶδος,
1490 417 1554 482 h.
1580 440 1636 483 e.
1672 412 1791 504 per
1826 416 2281 496 cumton-mam,
2322 411 2485 503 qua'e
2517 418 2722 502 ipsam

518 522 614 587 rei
657 525 989 588 essentiam
1036 523 1392 599 constituit,
1446 520 1614 586 adeo
1661 532 1759 586 est
1800 522 2229 609 propinquum
2273 519 2500 586 ultimo
2543 519 2723 584 idm·

520 627 715 690 titatis
758 629 1015 713 generi,
1067 637 1143 692 ut
1194 627 1301 694 vix
1354 623 1481 689 alia
1538 628 1750 711 possis
1796 625 2081 712 exempla
2126 625 2386 704 afferre,
2442 624 2567 688 nisi
2610 622 2723 688 ubi

519 728 763 794 formae
805 727 1105 794 identitas
1134 738 1386 793 maneat
1412 732 1481 792 in
1508 727 1882 795 diversitate
1912 727 2394 818 magnitudinis3
2439 739 2506 792 et
2535 728 2724 812 aptis-

520 836 677 898 sime
712 831 963 918 quidem
1000 852 1121 916 pro
1157 830 1447 917 exemplo
1483 830 1692 897 attulit
1726 855 1909 918 quam
1939 834 2367 899 mathematici
2406 841 2723 923 tamquam

520 935 842 1000 vocabulo
897 938 1051 999 artis
1100 934 1576 999 similitudinem
1634 936 1977 1022 appellant.
2073 938 2147 1002 In
2206 936 2410 1001 altero
2465 933 2724 1023 genere,

520 1042 601 1106 127
623 1043 779 1117 -9,
822 1039 1192 1125 quamquam
1228 1040 1455 1103 iterum
1495 1032 1576 1103 τὸ
1615 1036 1779 1108 αὐτὸ
1813 1038 1986 1118 εἶδος
2020 1042 2303 1127 requirit,
2344 1037 2476 1103 alio
2513 1048 2725 1101 tamen

522 1153 593 1209 et
632 1144 939 1209 inferiore
984 1139 1234 1229 quidem
1280 1162 1473 1206 sensu
1517 1146 1720 1228 accipi
1767 1138 1843 1209 τὸ
1889 1140 2063 1221 εἶδος
2098 1153 2368 1229 apparet
2401 1159 2478 1207 ex
2513 1138 2725 1205 verbis

519 1246 790 1312 adiectis
829 1247 943 1313 1³8:
988 1251 1060 1311 ἐν
1104 1239 1204 1321 οἷς
1245 1238 1324 1309 τὸ
1368 1246 1627 1329 μᾶλλον
1668 1248 1781 1311 καὶ
1823 1237 2043 1326 ἦττον.
2132 1245 2292 1313 Inde
2338 1248 2504 1310 eniin
2549 1242 2726 1310 colli-

524 1354 729 1439 gimus
774 1372 909 1416 non
952 1349 1019 1416 id
1064 1347 1336 1436 intelligi
1382 1341 1584 1426 εἶδος,
1632 1349 1808 1435 quod
1851 1354 2057 1437 ipsum
2103 1361 2200 1416 est
2243 1346 2441 1416 οὐσία
2479 1351 2604 1427 rei,
2645 1348 2727 1410 si-

525 1454 777 1542 quidem
825 1452 1018 1521 οὐσία
1062 1473 1198 1518 ιιοιι
1242 1455 1472 1538 recipit
1512 1445 1593 1517 τὸ
1636 1454 1898 1536 μᾶλλον
1938 1457 2053 1520 καὶ
2093 1444 2324 1534 ἦττον,
2379 1452 2461 1516 cf.
2495 1450 2636 1517 Cat.
2663 1452 2724 1513 5.

522 1561 600 1626 ab
641 1562 747 1638 33,
789 1558 904 1625 sed
949 1556 1313 1644 qualitatem
1361 1556 1663 1642 aliquam,
1707 1553 1901 1625 ποιόν
1942 1582 2005 1624 τι
2049 1561 2185 1622 sive
2229 1552 2492 1632 πάθοςε
2534 1553 2727 1640 quali-

526 1674 623 1730 tas
670 1667 867 1742 enim,
923 1684 1113 1748 quum
1161 1659 1383 1726 eadem
1427 1670 1708 1738 maneat,
1766 1660 2095 1726 crescendi
2151 1672 2364 1726 tamen
2408 1669 2474 1725 et
2518 1659 2730 1724 decre-

528 1767 750 1833 scendi
797 1776 893 1831 est
937 1788 1149 1852 capax.
1241 1766 1325 1829 Et
1367 1767 1435 1827 in
1480 1762 1684 1828 altero
1730 1765 1986 1851 quidem
2031 1785 2271 1853 genere
2316 1762 2597 1828 eiusdem
2643 1761 2730 1825 ass-

526 1870 827 1936 fectionis
881 1868 1048 1934 idem
1105 1869 1293 1934 etiam
1349 1866 1586 1955 gradus
1642 1871 2007 1954 requiritur,
2065 1872 2135 1934 in
2192 1871 2385 1936 tertio
2437 1867 2730 1932 sufficere

436 1980 439 1983 ’
527 1973 805 2052 videtur,
867 1975 923 2038 si
980 1972 1200 2038 eadem
1253 1971 1512 2051 affectio
1559 1973 1626 2034 in
1672 1970 1877 2036 altero
1922 1976 2256 2052 maiorem,
2310 1975 2621 2037 minorem
2661 1974 2730 2035 in

526 2075 734 2142 altero
780 2077 1011 2141 habeat
1053 2076 1337 2165 gradum.
1413 2074 1731 2152 (Distinxi
1764 2077 1895 2141 1³10
1939 2087 2250 2141 commate
2294 2085 2445 2162 post
2488 2068 2732 2151 λευκόν,

528 2189 602 2244 ut
643 2188 947 2265 appareat
990 2178 1317 2265 quomodo
1361 2176 1562 2240 verba
1604 2179 2058 2266 coniungenda
2102 2184 2257 2244 sint·
2313 2174 2400 2244 τὰ
2446 2180 2515 2245 δὲ
2558 2179 2729 2260 λέγε-

528 2301 642 2346 ται
696 2278 932 2365 ὅμοια,
988 2275 1109 2348 ἐὰν
1151 2272 1192 2372 ᾖ
1236 2275 1312 2347 τὸ
1358 2276 1523 2346 αυτὸ
1565 2277 1799 2358 πάθος
1841 2286 1956 2349 καὶ
1993 2285 2067 2349 ἓν
2110 2286 2204 2367 τῷ
2260 2282 2411 2349 εἴδει
2468 2276 2733 2372 σφόδρα

530 2384 645 2450 καὶ
684 2374 921 2463 ἦττον,
951 2377 1096 2450 οἷον
1137 2379 1214 2451 τὸ
1258 2379 1546 2464 λευκόν.)
1612 2386 1912 2472 Denique
1946 2386 2028 2451 ad
2062 2385 2507 2475 assignandam
2543 2384 2732 2449 rebus

518 2488 1009 2554 similitudinem
1036 2489 1330 2568 sufficit,
1386 2493 1440 2553 si
1497 2494 1852 2561 communia
1910 2491 2146 2556 habent
2187 2490 2370 2577 plura
2415 2512 2599 2577 quam
2639 2486 2736 2555 di-

520 2613 731 2672 versa,
776 2592 913 2657 sive
960 2614 1034 2657 ea
1080 2595 1437 2659 communia
1481 2597 1821 2659 essentiam
1865 2605 2185 2681 spectant,
2229 2600 2365 2660 sive
2411 2594 2493 2659 ad
2539 2603 2736 2660 exter·-

531 2717 706 2775 nam,
763 2718 927 2782 quae
970 2700 1038 2761 in
1081 2706 1387 2782 promptu
1430 2706 1553 2775 est,
1609 2700 1888 2784 speciem
1931 2702 2286 2783 pertinent,
2356 2689 2383 2716 '*
2336 2695 2648 2777 ηὰπλῶς
2687 2691 2733 2774 ἢ

532 2797 619 2865 τὰ
660 2795 977 2887 πρόχειρα
1017 2803 1047 2856 b
1062 2800 1307 2864 12.1n
1355 2799 1646 2886 exemplo
1676 2811 1884 2871 autem
1913 2801 2092 2887 quod
2122 2803 2309 2866 affert
2340 2823 2529 2887 quum
2560 2818 2736 2886 pror-

534 2924 644 2967 sus
689 2901 899 2980 lateat,
944 2924 1066 2987 qua
1111 2902 1361 2967 demum
1408 2907 1658 2968 ratione
1703 2902 2027 2989 plumbum
2074 2905 2287 2970 album
2331 2926 2491 2970 auro
2535 2901 2735 2968 simile

536 3026 679 3071 esse
722 3004 1054 3083 iudicetur,
1097 3005 1290 3070 verba
1338 3002 1382 3085 ἢ
1409 3008 1632 3091 χρυσῷ
1676 3008 1922 3087 seclusi,
1966 3013 2333 3094 praesertim
2370 3009 2561 3095 quum
2593 3007 2730 3071 Ale-

533 3108 838 3176 xandrum
871 3129 947 3173 ea
978 3129 1113 3174 non
1139 3109 1437 3176 habuisse
1466 3112 1534 3174 iu
1568 3119 1746 3174 textu
1776 3123 2082 3198 appareat
2109 3135 2170 3199 p.
2193 3115 2340 3192 589,
2369 3115 2473 3179 14.
2534 3111 2734 3177 Aliam

534 3213 669 3280 loci
711 3211 1219 3278 emendationem
1264 3223 1654 3279 tentaveram
1702 3214 1862 3281 Obs.
1906 3240 1971 3302 p.
2007 3219 2155 3282 103.

460 3400 473 3409 .
670 3318 875 3383 10540
910 3319 996 3382 13
1043 3312 1245 3383 ὥστε
1294 3354 1375 3373 --
1427 3318 1509 3381 14
1555 3318 1897 3401 λέγεται.
1974 3321 2321 3406 Exspectes
2357 3341 2435 3384 ex
2469 3320 2567 3383 bis
2602 3338 2737 3383 ver-

535 3422 637 3485 bis
687 3421 795 3485 Ar.
842 3431 1174 3505 utramque
1218 3431 1285 3486 et
1329 3420 1662 3485 alteritatis
1705 3425 1799 3501 (si
1846 3422 2126 3487 licetita
2172 3424 2565 3493 Graecorum
2607 3427 2736 3488 ἑτε-

538 3519 788 3609 ρότητα
831 3526 1275 3608 interpretari)
1320 3534 1398 3587 -et
1455 3522 1978 3601 dissimilitudinis
2029 3530 2356 3595 notionem
2404 3525 2737 3613 explicatu-

536 3649 706 3704 rum,
766 3624 880 3690 sed
927 3629 1160 3690 omissa
1204 3626 1730 3693 dissimilitudinis
1776 3633 2074 3709 notione,
2128 3631 2403 3695 fortasse
2448 3633 2596 3716 qnia
2635 3651 2737 3715 pe·

539 3728 769 3795 culiari
823 3728 1248 3816 explicatione
1302 3751 1437 3795 non
1496 3731 1831 3799 videbatur
1888 3752 2109 3822 egere,
2157 3733 2251 3799 -ab
2300 3731 2618 3798 alteritate
2659 3731 2737 3797 ad

540 3832 968 3898 diversitatem
1015 3836 1151 3898 sive
1196 3834 1637 3913 differentiam,
1684 3856 1848 3921 quae
1891 3858 2031 3901 cum
2080 3859 2155 3901 ea
2196 3840 2483 3924 proxime
2518 3837 2739 3902 cohae-

539 3944 655 4013 ret,
701 3941 921 4001 transit
959 3939 1109 4002 ὂ23
2057 3958 2062 3965 ·

532 4040 537 4047 '
672 4044 750 4119 c)
796 4042 999 4105 10541»
1041 4042 1326 4108 14-22
1372 4035 1462 4106 τὸ
1510 4047 1792 4128 ἕτερον
1835 4045 1972 4107 sive
2028 4037 2117 4107 τὸ
2173 4036 2394 4108 ἄλλο.
2485 4045 2599 4124 (Ιιι
2641 4062 2743 4107 ex-

541 4140 838 4229 plicanda
864 4120 1014 4207 hac
1056 4143 1501 4231 disputationis
1543 4155 1728 4231 parte
1770 4144 2136 4211 Alexander
2173 4147 2512 4215 manifesto
2558 4170 2593 4211 a
2636 4166 2744 4211 ve-

540 4248 729 4312 ritate
774 4248 1051 4325 recessit,
1096 4246 1332 4333 duplici
1377 4248 1674 4315 inductus
1715 4268 1954 4327 errore,
1998 4248 2264 4336 primum
2310 4252 2484 4338 quod
2529 4252 2744 4319 distin-

543 4351 658 4438 gui
711 4353 878 4416 inter
932 4370 1003 4416 se
1058 4352 1307 4438 putavit
1362 4352 1444 4417 ab
1490 4353 1600 4417 Ar.
1645 4345 1724 4418 τὸ
1769 4347 1934 4419 ἄλλο
1993 4364 2059 4420 et
2113 4349 2193 4420 τὸ
2248 4359 2498 4443 ἕτερον,
2553 4376 2745 4442 quum
