<?xml version="1.0" encoding="UTF-8"?>
<!DOCTYPE html PUBLIC "-//W3C//DTD XHTML 1.0 Transitional//EN"
    "http://www.w3.org/TR/xhtml1/DTD/xhtml1-transitional.dtd">
<html xmlns="http://www.w3.org/1999/xhtml" xml:lang="en" lang="en">
 <head>
  <title>
</title>
<meta http-equiv="Content-Type" content="text/html;charset=utf-8" />
  <meta name='ocr-system' content='tesseract 3.04.00' />
  <meta name='ocr-capabilities' content='ocr_page ocr_carea ocr_par ocr_line ocrx_word'/>
</head>
<body>
  <div class='ocr_page' id='page_1' title='image "aristotelismeta02bonigoog_0142.png"; bbox 0 0 3043 4973; ppageno 0'>
   <div class='ocr_carea' id='block_1_1' title="bbox 536 235 1861 316">
    <p class='ocr_par' dir='ltr' id='par_1_1' title="bbox 536 235 1861 316">
     <span class='ocr_line' id='line_1_1' title="bbox 536 235 1861 316; baseline -0.005 -3"><span class='ocrx_word' id='word_1_1' title='bbox 536 242 675 316; x_wconf 78' lang='lat'>130</span> <span class='ocrx_word' id='word_1_2' title='bbox 1389 262 1439 308; x_wconf 85' lang='grc' dir='ltr'>α</span> <span class='ocrx_word' id='word_1_3' title='bbox 1487 235 1560 308; x_wconf 84' lang='grc'>2.</span> <span class='ocrx_word' id='word_1_4' title='bbox 1634 235 1861 308; x_wconf 72' lang='grc' dir='ltr'>994ω.</span> 
     </span>
    </p>
   </div>
   <div class='ocr_carea' id='block_1_2' title="bbox 1436 455 1831 532">
    <p class='ocr_par' dir='ltr' id='par_1_2' title="bbox 1436 455 1831 532">
     <span class='ocr_line' id='line_1_2' title="bbox 1436 455 1831 532; baseline -0.003 -3"><span class='ocrx_word' id='word_1_5' title='bbox 1436 455 1664 532; x_wconf 91' lang='lat' dir='ltr'><strong>CAP.</strong></span> <span class='ocrx_word' id='word_1_6' title='bbox 1734 456 1831 528; x_wconf 92' lang='lat'>11.</span> 
     </span>
    </p>
   </div>
   <div class='ocr_carea' id='block_1_3' title="bbox 537 592 2743 891">
    <p class='ocr_par' dir='ltr' id='par_1_3' title="bbox 537 592 2743 891">
     <span class='ocr_line' id='line_1_3' title="bbox 676 592 2743 683; baseline -0.004 -19"><span class='ocrx_word' id='word_1_7' title='bbox 676 599 938 668; x_wconf 78' lang='lat' dir='ltr'>Causae</span> <span class='ocrx_word' id='word_1_8' title='bbox 970 620 1101 664; x_wconf 76' lang='lat' dir='ltr'>non</span> <span class='ocrx_word' id='word_1_9' title='bbox 1124 605 1403 681; x_wconf 76' lang='lat' dir='ltr'>possunt</span> <span class='ocrx_word' id='word_1_10' title='bbox 1436 619 1580 660; x_wconf 69' lang='lat' dir='ltr'>esee</span> <span class='ocrx_word' id='word_1_11' title='bbox 1614 597 1937 683; x_wconf 67' lang='lat' dir='ltr'>infinitae,</span> <span class='ocrx_word' id='word_1_12' title='bbox 1971 617 2178 681; x_wconf 76' lang='lat' dir='ltr'>neque</span> <span class='ocrx_word' id='word_1_13' title='bbox 2211 595 2390 658; x_wconf 74' lang='lat' dir='ltr'>intra</span> <span class='ocrx_word' id='word_1_14' title='bbox 2426 592 2598 657; x_wconf 74' lang='lat' dir='ltr'>idem</span> <span class='ocrx_word' id='word_1_15' title='bbox 2626 614 2743 675; x_wconf 79' lang='lat' dir='ltr'>ge-</span> 
     </span>
     <span class='ocr_line' id='line_1_4' title="bbox 537 697 2740 783; baseline -0.003 -14"><span class='ocrx_word' id='word_1_16' title='bbox 537 727 662 770; x_wconf 72' lang='lat' dir='ltr'>mm</span> <span class='ocrx_word' id='word_1_17' title='bbox 706 724 1051 768; x_wconf 74' lang='lat' dir='ltr'>causarum</span> <span class='ocrx_word' id='word_1_18' title='bbox 1095 701 1158 763; x_wconf 75' lang='grc' dir='ltr'>.ςὶ</span> <span class='ocrx_word' id='word_1_19' title='bbox 1201 723 1457 764; x_wconf 75' lang='lat' dir='ltr'>sursum</span> <span class='ocrx_word' id='word_1_20' title='bbox 1501 700 1606 763; x_wconf 80' lang='lat' dir='ltr'>vel</span> <span class='ocrx_word' id='word_1_21' title='bbox 1646 701 1945 766; x_wconf 67' lang='lat' dir='ltr'>deorsum</span> <span class='ocrx_word' id='word_1_22' title='bbox 1981 698 2444 783; x_wconf 69' lang='lat' dir='ltr'><strong><em>progrediaris</em></strong></span> <span class='ocrx_word' id='word_1_23' title='bbox 2488 697 2654 760; x_wconf 75' lang='grc' dir='ltr'>993α</span> <span class='ocrx_word' id='word_1_24' title='bbox 2703 698 2740 762; x_wconf 92' lang='lat' dir='ltr'>l</span> 
     </span>
     <span class='ocr_line' id='line_1_5' title="bbox 540 801 2713 891; baseline -0.004 -19"><span class='ocrx_word' id='word_1_25' title='bbox 540 843 624 855; x_wconf 90' lang='lat'>--</span> <span class='ocrx_word' id='word_1_26' title='bbox 641 808 789 887; x_wconf 79' lang='lat' dir='ltr'>b27,</span> <span class='ocrx_word' id='word_1_27' title='bbox 828 828 1032 891; x_wconf 72' lang='lat' dir='ltr'>neque</span> <span class='ocrx_word' id='word_1_28' title='bbox 1061 826 1213 867; x_wconf 84' lang='lat' dir='ltr'>vero</span> <span class='ocrx_word' id='word_1_29' title='bbox 1236 826 1489 886; x_wconf 76' lang='lat' dir='ltr'>genera</span> <span class='ocrx_word' id='word_1_30' title='bbox 1517 825 1865 867; x_wconf 76' lang='lat' dir='ltr'>causarum</span> <span class='ocrx_word' id='word_1_31' title='bbox 1894 813 2045 866; x_wconf 69' lang='lat' dir='ltr'>seint</span> <span class='ocrx_word' id='word_1_32' title='bbox 2073 804 2337 889; x_wconf 75' lang='lat' dir='ltr'>infinita</span> <span class='ocrx_word' id='word_1_33' title='bbox 2368 802 2490 864; x_wconf 72' lang='lat'>1227</span> <span class='ocrx_word' id='word_1_34' title='bbox 2509 838 2587 850; x_wconf 93' lang='lat'><em>-</em></span> <span class='ocrx_word' id='word_1_35' title='bbox 2604 801 2713 866; x_wconf 83' lang='lat'>31.</span> 
     </span>
    </p>
   </div>
   <div class='ocr_carea' id='block_1_4' title="bbox 538 926 2753 1948">
    <p class='ocr_par' dir='ltr' id='par_1_4' title="bbox 538 926 2753 1948">
     <span class='ocr_line' id='line_1_6' title="bbox 675 926 2746 1016; baseline -0.003 -16"><span class='ocrx_word' id='word_1_36' title='bbox 675 939 840 1001; x_wconf 69' lang='lat'>9941:</span> <span class='ocrx_word' id='word_1_37' title='bbox 884 939 922 1001; x_wconf 89' lang='lat' dir='ltr'>l</span> <span class='ocrx_word' id='word_1_38' title='bbox 969 927 1181 998; x_wconf 70' lang='grc' dir='ltr'><em>ἀλλὰ</em></span> <span class='ocrx_word' id='word_1_39' title='bbox 1220 926 1375 1016; x_wconf 78' lang='grc' dir='ltr'>μὴν</span> <span class='ocrx_word' id='word_1_40' title='bbox 1423 929 1558 998; x_wconf 80' lang='grc' dir='ltr'><strong><em>ὅτι·</em></strong></span> <span class='ocrx_word' id='word_1_41' title='bbox 1595 931 1654 1014; x_wconf 80' lang='grc' dir='ltr'>γ’</span> <span class='ocrx_word' id='word_1_42' title='bbox 1704 970 1786 982; x_wconf 92' lang='lat'>-—</span> <span class='ocrx_word' id='word_1_43' title='bbox 1836 936 1919 998; x_wconf 86' lang='lat'>19</span> <span class='ocrx_word' id='word_1_44' title='bbox 1961 931 2218 997; x_wconf 74' lang='grc' dir='ltr'><strong><em>οὐθέν</em></strong></span> <span class='ocrx_word' id='word_1_45' title='bbox 2269 936 2512 996; x_wconf 69' lang='grc' dir='ltr'><strong><em>ἐστιν.</em></strong></span> <span class='ocrx_word' id='word_1_46' title='bbox 2601 931 2746 994; x_wconf 79' lang='lat' dir='ltr'>Phi-</span> 
     </span>
     <span class='ocr_line' id='line_1_7' title="bbox 540 1039 2744 1125; baseline -0.003 -22"><span class='ocrx_word' id='word_1_47' title='bbox 540 1040 898 1125; x_wconf 87' lang='lat' dir='ltr'>losophiam</span> <span class='ocrx_word' id='word_1_48' title='bbox 960 1047 1187 1122; x_wconf 87' lang='lat' dir='ltr'>utpote</span> <span class='ocrx_word' id='word_1_49' title='bbox 1247 1040 1527 1100; x_wconf 86' lang='lat' dir='ltr'>veritatis</span> <span class='ocrx_word' id='word_1_50' title='bbox 1587 1039 1909 1100; x_wconf 86' lang='lat' dir='ltr'>scientiam</span> <span class='ocrx_word' id='word_1_51' title='bbox 1957 1058 2145 1121; x_wconf 90' lang='lat' dir='ltr'>quum</span> <span class='ocrx_word' id='word_1_52' title='bbox 2191 1056 2560 1119; x_wconf 82' lang='lat' dir='ltr'>suspensam</span> <span class='ocrx_word' id='word_1_53' title='bbox 2606 1055 2744 1097; x_wconf 89' lang='lat' dir='ltr'>esse</span> 
     </span>
     <span class='ocr_line' id='line_1_8' title="bbox 538 1140 2748 1228; baseline -0.003 -22"><span class='ocrx_word' id='word_1_54' title='bbox 538 1166 576 1206; x_wconf 83' lang='lat' dir='ltr'>a</span> <span class='ocrx_word' id='word_1_55' title='bbox 621 1146 1075 1228; x_wconf 76' lang='lat' dir='ltr'>principiorum</span> <span class='ocrx_word' id='word_1_56' title='bbox 1122 1161 1505 1204; x_wconf 85' lang='lat' dir='ltr'>summorum</span> <span class='ocrx_word' id='word_1_57' title='bbox 1553 1144 1923 1226; x_wconf 79' lang='lat' dir='ltr'>cognitione</span> <span class='ocrx_word' id='word_1_58' title='bbox 1970 1140 2466 1203; x_wconf 86' lang='lat' dir='ltr'>demonstratum</span> <span class='ocrx_word' id='word_1_59' title='bbox 2512 1141 2619 1215; x_wconf 90' lang='lat' dir='ltr'>sit,</span> <span class='ocrx_word' id='word_1_60' title='bbox 2675 1147 2748 1201; x_wconf 81' lang='lat' dir='ltr'>ut</span> 
     </span>
     <span class='ocr_line' id='line_1_9' title="bbox 540 1243 2745 1331; baseline -0.003 -22"><span class='ocrx_word' id='word_1_61' title='bbox 540 1249 749 1331; x_wconf 80' lang='lat' dir='ltr'>pessit</span> <span class='ocrx_word' id='word_1_62' title='bbox 792 1248 1051 1328; x_wconf 72' lang='lat' dir='ltr'>empino</span> <span class='ocrx_word' id='word_1_63' title='bbox 1102 1265 1242 1307; x_wconf 89' lang='lat' dir='ltr'>esse</span> <span class='ocrx_word' id='word_1_64' title='bbox 1286 1243 1722 1328; x_wconf 82' lang='lat' dir='ltr'>philosophia,</span> <span class='ocrx_word' id='word_1_65' title='bbox 1781 1246 2086 1328; x_wconf 86' lang='lat' dir='ltr'>principia</span> <span class='ocrx_word' id='word_1_66' title='bbox 2134 1251 2394 1327; x_wconf 79' lang='lat' dir='ltr'>oportet</span> <span class='ocrx_word' id='word_1_67' title='bbox 2439 1243 2745 1326; x_wconf 80' lang='lat' dir='ltr'>cognosci</span> 
     </span>
     <span class='ocr_line' id='line_1_10' title="bbox 540 1344 2747 1434; baseline -0.004 -21"><span class='ocrx_word' id='word_1_68' title='bbox 540 1370 752 1434; x_wconf 89' lang='lat' dir='ltr'>posse.</span> <span class='ocrx_word' id='word_1_69' title='bbox 845 1350 997 1412; x_wconf 82' lang='lat' dir='ltr'>&#39;Non</span> <span class='ocrx_word' id='word_1_70' title='bbox 1056 1358 1321 1433; x_wconf 84' lang='lat' dir='ltr'>possent</span> <span class='ocrx_word' id='word_1_71' title='bbox 1374 1357 1583 1410; x_wconf 88' lang='lat' dir='ltr'>autem</span> <span class='ocrx_word' id='word_1_72' title='bbox 1631 1350 1968 1432; x_wconf 86' lang='lat' dir='ltr'>cognosci,</span> <span class='ocrx_word' id='word_1_73' title='bbox 2027 1350 2078 1412; x_wconf 90' lang='lat' dir='ltr'>si</span> <span class='ocrx_word' id='word_1_74' title='bbox 2127 1350 2190 1410; x_wconf 92' lang='lat' dir='ltr'>in</span> <span class='ocrx_word' id='word_1_75' title='bbox 2236 1344 2553 1408; x_wconf 80' lang='lat' dir='ltr'>infinitum</span> <span class='ocrx_word' id='word_1_76' title='bbox 2600 1363 2747 1428; x_wconf 84' lang='lat' dir='ltr'>pro-</span> 
     </span>
     <span class='ocr_line' id='line_1_11' title="bbox 541 1449 2748 1538; baseline -0.002 -24"><span class='ocrx_word' id='word_1_77' title='bbox 541 1451 977 1538; x_wconf 87' lang='lat' dir='ltr'>grederentur.</span> <span class='ocrx_word' id='word_1_78' title='bbox 1068 1451 1287 1534; x_wconf 84' lang='lat' dir='ltr'>Itaque</span> <span class='ocrx_word' id='word_1_79' title='bbox 1338 1450 1511 1533; x_wconf 89' lang='lat' dir='ltr'>quod</span> <span class='ocrx_word' id='word_1_80' title='bbox 1563 1471 1733 1513; x_wconf 91' lang='lat' dir='ltr'>nunc</span> <span class='ocrx_word' id='word_1_81' title='bbox 1770 1450 2237 1512; x_wconf 84' lang='lat' dir='ltr'>demonstratur</span> <span class='ocrx_word' id='word_1_82' title='bbox 2270 1449 2576 1532; x_wconf 86' lang='lat' dir='ltr'>principia</span> <span class='ocrx_word' id='word_1_83' title='bbox 2613 1465 2748 1510; x_wconf 87' lang='lat' dir='ltr'>non</span> 
     </span>
     <span class='ocr_line' id='line_1_12' title="bbox 544 1551 2749 1638; baseline -0.002 -21"><span class='ocrx_word' id='word_1_84' title='bbox 544 1576 685 1617; x_wconf 88' lang='lat' dir='ltr'>esse</span> <span class='ocrx_word' id='word_1_85' title='bbox 728 1553 995 1631; x_wconf 84' lang='lat' dir='ltr'>infinita,</span> <span class='ocrx_word' id='word_1_86' title='bbox 1039 1556 1253 1638; x_wconf 89' lang='lat' dir='ltr'>potuit</span> <span class='ocrx_word' id='word_1_87' title='bbox 1295 1551 1456 1616; x_wconf 82' lang='lat' dir='ltr'>illud</span> <span class='ocrx_word' id='word_1_88' title='bbox 1502 1574 1654 1614; x_wconf 83' lang='lat' dir='ltr'>sane</span> <span class='ocrx_word' id='word_1_89' title='bbox 1690 1553 1771 1615; x_wconf 86' lang='lat' dir='ltr'>ab</span> <span class='ocrx_word' id='word_1_90' title='bbox 1811 1555 1953 1637; x_wconf 89' lang='lat' dir='ltr'>ipso</span> <span class='ocrx_word' id='word_1_91' title='bbox 1993 1554 2303 1636; x_wconf 81' lang='lat' dir='ltr'>scriptore</span> <span class='ocrx_word' id='word_1_92' title='bbox 2342 1553 2749 1613; x_wconf 87' lang='lat' dir='ltr'>coniunctum</span> 
     </span>
     <span class='ocr_line' id='line_1_13' title="bbox 544 1652 2749 1741; baseline -0.002 -21"><span class='ocrx_word' id='word_1_93' title='bbox 544 1677 684 1720; x_wconf 90' lang='lat' dir='ltr'>esse</span> <span class='ocrx_word' id='word_1_94' title='bbox 731 1679 872 1720; x_wconf 89' lang='lat' dir='ltr'>cum</span> <span class='ocrx_word' id='word_1_95' title='bbox 917 1659 1251 1741; x_wconf 84' lang='lat' dir='ltr'>superiore</span> <span class='ocrx_word' id='word_1_96' title='bbox 1297 1655 1757 1741; x_wconf 78' lang='lat' dir='ltr'>disputatione3</span> <span class='ocrx_word' id='word_1_97' title='bbox 1816 1654 1930 1717; x_wconf 87' lang='lat' dir='ltr'>sed</span> <span class='ocrx_word' id='word_1_98' title='bbox 1976 1676 2124 1719; x_wconf 87' lang='lat' dir='ltr'>num</span> <span class='ocrx_word' id='word_1_99' title='bbox 2170 1676 2239 1717; x_wconf 87' lang='lat' dir='ltr'>re</span> <span class='ocrx_word' id='word_1_100' title='bbox 2284 1676 2433 1716; x_wconf 87' lang='lat' dir='ltr'>vera</span> <span class='ocrx_word' id='word_1_101' title='bbox 2481 1652 2749 1717; x_wconf 85' lang='lat' dir='ltr'>eandem</span> 
     </span>
     <span class='ocr_line' id='line_1_14' title="bbox 545 1755 2752 1845; baseline -0.003 -22"><span class='ocrx_word' id='word_1_102' title='bbox 545 1761 1035 1845; x_wconf 84' lang='lat' dir='ltr'>disputationem</span> <span class='ocrx_word' id='word_1_103' title='bbox 1084 1762 1530 1837; x_wconf 83' lang='lat' dir='ltr'>continuatam,</span> <span class='ocrx_word' id='word_1_104' title='bbox 1578 1779 1658 1822; x_wconf 89' lang='lat' dir='ltr'>an</span> <span class='ocrx_word' id='word_1_105' title='bbox 1710 1756 1967 1821; x_wconf 87' lang='lat' dir='ltr'>alteram</span> <span class='ocrx_word' id='word_1_106' title='bbox 2017 1757 2201 1821; x_wconf 88' lang='lat' dir='ltr'>alteri</span> <span class='ocrx_word' id='word_1_107' title='bbox 2240 1757 2507 1820; x_wconf 80' lang='lat' dir='ltr'>fortuito</span> <span class='ocrx_word' id='word_1_108' title='bbox 2557 1755 2752 1819; x_wconf 88' lang='lat' dir='ltr'>adne-</span> 
     </span>
     <span class='ocr_line' id='line_1_15' title="bbox 541 1857 2753 1948; baseline -0.003 -21"><span class='ocrx_word' id='word_1_109' title='bbox 541 1885 679 1927; x_wconf 84' lang='lat' dir='ltr'>xam</span> <span class='ocrx_word' id='word_1_110' title='bbox 727 1873 1033 1948; x_wconf 81' lang='lat' dir='ltr'>putemuS,</span> <span class='ocrx_word' id='word_1_111' title='bbox 1080 1862 1340 1925; x_wconf 82' lang='lat' dir='ltr'>difficile</span> <span class='ocrx_word' id='word_1_112' title='bbox 1387 1871 1484 1925; x_wconf 90' lang='lat' dir='ltr'>est</span> <span class='ocrx_word' id='word_1_113' title='bbox 1528 1861 1826 1926; x_wconf 87' lang='lat' dir='ltr'>iudicare.</span> <span class='ocrx_word' id='word_1_114' title='bbox 1897 1861 1976 1924; x_wconf 61' lang='lat' dir='ltr'>cf⁶</span> <span class='ocrx_word' id='word_1_115' title='bbox 2025 1882 2314 1946; x_wconf 85' lang='lat' dir='ltr'>prooem.</span> <span class='ocrx_word' id='word_1_116' title='bbox 2367 1883 2431 1944; x_wconf 92' lang='lat' dir='ltr'>p.</span> <span class='ocrx_word' id='word_1_117' title='bbox 2469 1860 2567 1922; x_wconf 88' lang='lat'>17.</span> <span class='ocrx_word' id='word_1_118' title='bbox 2636 1857 2753 1921; x_wconf 89' lang='lat' dir='ltr'>Di-</span> 
     </span>
    </p>
   </div>
   <div class='ocr_carea' id='block_1_5' title="bbox 441 1962 2751 2052">
    <p class='ocr_par' dir='ltr' id='par_1_5' title="bbox 441 1962 2751 2052">
     <span class='ocr_line' id='line_1_16' title="bbox 441 1962 2751 2052; baseline -0.001 -24"><span class='ocrx_word' id='word_1_119' title='bbox 441 2007 446 2020; x_wconf 77' lang='lat'><em>‚</em></span> <span class='ocrx_word' id='word_1_120' title='bbox 543 1969 882 2052; x_wconf 80' lang='lat' dir='ltr'>stinguitur</span> <span class='ocrx_word' id='word_1_121' title='bbox 938 1973 1146 2028; x_wconf 87' lang='lat' dir='ltr'>autem</span> <span class='ocrx_word' id='word_1_122' title='bbox 1201 1963 1437 2049; x_wconf 88' lang='lat' dir='ltr'>duplex</span> <span class='ocrx_word' id='word_1_123' title='bbox 1484 1983 1811 2027; x_wconf 84' lang='lat' dir='ltr'>causarum</span> <span class='ocrx_word' id='word_1_124' title='bbox 1858 1964 2166 2042; x_wconf 81' lang='lat' dir='ltr'>infinitaS,</span> <span class='ocrx_word' id='word_1_125' title='bbox 2224 1970 2310 2039; x_wconf 77' lang='grc' dir='ltr'>εἰς</span> <span class='ocrx_word' id='word_1_126' title='bbox 2355 1962 2751 2043; x_wconf 75' lang='grc' dir='ltr'><em>εὐθυωρίαν,</em></span> 
     </span>
    </p>
   </div>
   <div class='ocr_carea' id='block_1_6' title="bbox 542 2064 2755 3595">
    <p class='ocr_par' dir='ltr' id='par_1_6' title="bbox 542 2064 2755 3595">
     <span class='ocr_line' id='line_1_17' title="bbox 547 2064 2752 2153; baseline -0.002 -22"><span class='ocrx_word' id='word_1_127' title='bbox 547 2079 616 2131; x_wconf 88' lang='lat' dir='ltr'>ut</span> <span class='ocrx_word' id='word_1_128' title='bbox 672 2072 832 2130; x_wconf 86' lang='lat' dir='ltr'>intra</span> <span class='ocrx_word' id='word_1_129' title='bbox 892 2067 1059 2130; x_wconf 87' lang='lat' dir='ltr'>idem</span> <span class='ocrx_word' id='word_1_130' title='bbox 1122 2090 1442 2131; x_wconf 86' lang='lat' dir='ltr'>causarum</span> <span class='ocrx_word' id='word_1_131' title='bbox 1503 2089 1708 2153; x_wconf 90' lang='lat' dir='ltr'>genus</span> <span class='ocrx_word' id='word_1_132' title='bbox 1767 2067 1871 2130; x_wconf 89' lang='lat' dir='ltr'>vel</span> <span class='ocrx_word' id='word_1_133' title='bbox 1926 2065 2293 2130; x_wconf 85' lang='lat' dir='ltr'>ascendenti</span> <span class='ocrx_word' id='word_1_134' title='bbox 2338 2065 2443 2129; x_wconf 87' lang='lat' dir='ltr'>vel</span> <span class='ocrx_word' id='word_1_135' title='bbox 2490 2064 2752 2128; x_wconf 86' lang='lat' dir='ltr'>descen-</span> 
     </span>
     <span class='ocr_line' id='line_1_18' title="bbox 547 2166 2750 2256; baseline -0 -24"><span class='ocrx_word' id='word_1_136' title='bbox 547 2169 721 2234; x_wconf 85' lang='lat' dir='ltr'>denti</span> <span class='ocrx_word' id='word_1_137' title='bbox 777 2173 843 2233; x_wconf 90' lang='lat' dir='ltr'>in</span> <span class='ocrx_word' id='word_1_138' title='bbox 899 2168 1212 2233; x_wconf 84' lang='lat' dir='ltr'>infinitum</span> <span class='ocrx_word' id='word_1_139' title='bbox 1267 2169 1574 2256; x_wconf 82' lang='lat' dir='ltr'>progredi</span> <span class='ocrx_word' id='word_1_140' title='bbox 1624 2169 1828 2234; x_wconf 84' lang='lat' dir='ltr'>liceat¹</span> <span class='ocrx_word' id='word_1_141' title='bbox 1856 2170 1975 2249; x_wconf 89' lang='lat' dir='ltr'>(cf.</span> <span class='ocrx_word' id='word_1_142' title='bbox 2023 2167 2119 2233; x_wconf 77' lang='grc' dir='ltr'>ἐπ’</span> <span class='ocrx_word' id='word_1_143' title='bbox 2162 2167 2432 2244; x_wconf 77' lang='grc' dir='ltr'><strong><em>εὐθείας</em></strong></span> <span class='ocrx_word' id='word_1_144' title='bbox 2474 2166 2554 2231; x_wconf 92' lang='lat' dir='ltr'>de</span> <span class='ocrx_word' id='word_1_145' title='bbox 2600 2189 2750 2254; x_wconf 87' lang='lat' dir='ltr'>gen.</span> 
     </span>
     <span class='ocr_line' id='line_1_19' title="bbox 546 2265 2751 2355; baseline -0.001 -20"><span class='ocrx_word' id='word_1_146' title='bbox 546 2283 611 2336; x_wconf 85' lang='lat' dir='ltr'>et</span> <span class='ocrx_word' id='word_1_147' title='bbox 646 2293 808 2335; x_wconf 76' lang='lat' dir='ltr'>corr.</span> <span class='ocrx_word' id='word_1_148' title='bbox 846 2274 905 2336; x_wconf 93' lang='lat'>11</span> <span class='ocrx_word' id='word_1_149' title='bbox 942 2276 1009 2337; x_wconf 84' lang='lat'>5.·</span> <span class='ocrx_word' id='word_1_150' title='bbox 1043 2275 1201 2337; x_wconf 71' lang='lat'>332⁶</span> <span class='ocrx_word' id='word_1_151' title='bbox 1229 2275 1342 2336; x_wconf 80' lang='lat'>12:</span> <span class='ocrx_word' id='word_1_152' title='bbox 1389 2273 1487 2335; x_wconf 82' lang='grc' dir='ltr'>δεῖ</span> <span class='ocrx_word' id='word_1_153' title='bbox 1530 2273 1649 2354; x_wconf 72' lang='grc' dir='ltr'>μὲν</span> <span class='ocrx_word' id='word_1_154' title='bbox 1692 2265 1821 2355; x_wconf 77' lang='grc' dir='ltr'>γὰρ</span> <span class='ocrx_word' id='word_1_155' title='bbox 1867 2275 2103 2351; x_wconf 81' lang='grc' dir='ltr'><em>στῆναι</em></span> <span class='ocrx_word' id='word_1_156' title='bbox 2146 2275 2255 2336; x_wconf 85' lang='grc' dir='ltr'>καὶ</span> <span class='ocrx_word' id='word_1_157' title='bbox 2301 2267 2392 2355; x_wconf 86' lang='grc' dir='ltr'>μὴ</span> <span class='ocrx_word' id='word_1_158' title='bbox 2436 2276 2523 2345; x_wconf 78' lang='grc' dir='ltr'>εὶς</span> <span class='ocrx_word' id='word_1_159' title='bbox 2564 2265 2751 2334; x_wconf 54' lang='grc' dir='ltr'><em>ἄπει,-</em></span> 
     </span>
     <span class='ocr_line' id='line_1_20' title="bbox 543 2368 2748 2463; baseline -0.002 -24"><span class='ocrx_word' id='word_1_160' title='bbox 543 2397 664 2461; x_wconf 77' lang='grc' dir='ltr'>ρον</span> <span class='ocrx_word' id='word_1_161' title='bbox 707 2376 902 2439; x_wconf 73' lang='grc' dir='ltr'><em>τοῦτο</em></span> <span class='ocrx_word' id='word_1_162' title='bbox 950 2379 1116 2439; x_wconf 74' lang='grc' dir='ltr'><strong><em>ἱέναι</em></strong></span> <span class='ocrx_word' id='word_1_163' title='bbox 1160 2372 1260 2438; x_wconf 77' lang='grc' dir='ltr'>ἐπ’</span> <span class='ocrx_word' id='word_1_164' title='bbox 1301 2372 1571 2449; x_wconf 72' lang='grc' dir='ltr'><strong><em>εὐθείας</em></strong></span> <span class='ocrx_word' id='word_1_165' title='bbox 1616 2373 1721 2463; x_wconf 75' lang='grc' dir='ltr'>ἐφ’</span> <span class='ocrx_word' id='word_1_166' title='bbox 1762 2371 2053 2459; x_wconf 77' lang='grc' dir='ltr'><em>ἑκάτερα,</em></span> <span class='ocrx_word' id='word_1_167' title='bbox 2098 2375 2203 2438; x_wconf 85' lang='lat' dir='ltr'>vel</span> <span class='ocrx_word' id='word_1_168' title='bbox 2249 2380 2339 2451; x_wconf 79' lang='grc' dir='ltr'>εἰς</span> <span class='ocrx_word' id='word_1_169' title='bbox 2382 2368 2551 2438; x_wconf 72' lang='grc' dir='ltr'>εὐθύ</span> <span class='ocrx_word' id='word_1_170' title='bbox 2593 2373 2748 2438; x_wconf 84' lang='lat' dir='ltr'>ibid.</span> 
     </span>
     <span class='ocr_line' id='line_1_21' title="bbox 549 2475 2749 2564; baseline -0.001 -18"><span class='ocrx_word' id='word_1_171' title='bbox 549 2481 651 2546; x_wconf 89' lang='lat' dir='ltr'>ll.</span> <span class='ocrx_word' id='word_1_172' title='bbox 696 2479 865 2545; x_wconf 72' lang='lat'><strong>3380:</strong></span> <span class='ocrx_word' id='word_1_173' title='bbox 904 2482 1009 2558; x_wconf 83' lang='lat'>7),</span> <span class='ocrx_word' id='word_1_174' title='bbox 1057 2491 1119 2542; x_wconf 88' lang='lat' dir='ltr'>et</span> <span class='ocrx_word' id='word_1_175' title='bbox 1152 2475 1306 2551; x_wconf 69' lang='grc' dir='ltr'><em>’κατ’</em></span> <span class='ocrx_word' id='word_1_176' title='bbox 1347 2475 1533 2554; x_wconf 78' lang='grc' dir='ltr'><em>εἶδος,</em></span> <span class='ocrx_word' id='word_1_177' title='bbox 1579 2489 1651 2542; x_wconf 87' lang='lat' dir='ltr'>ut</span> <span class='ocrx_word' id='word_1_178' title='bbox 1695 2477 1942 2542; x_wconf 84' lang='lat' dir='ltr'>infinita</span> <span class='ocrx_word' id='word_1_179' title='bbox 1991 2500 2130 2542; x_wconf 90' lang='lat' dir='ltr'>esse</span> <span class='ocrx_word' id='word_1_180' title='bbox 2176 2478 2466 2542; x_wconf 83' lang='lat' dir='ltr'>dicantur</span> <span class='ocrx_word' id='word_1_181' title='bbox 2509 2498 2749 2564; x_wconf 74' lang='lat' dir='ltr'>genera</span> 
     </span>
     <span class='ocr_line' id='line_1_22' title="bbox 545 2579 2753 2666; baseline -0.001 -21"><span class='ocrx_word' id='word_1_182' title='bbox 545 2602 888 2646; x_wconf 86' lang='lat' dir='ltr'>causarum.</span> <span class='ocrx_word' id='word_1_183' title='bbox 965 2584 1053 2645; x_wconf 93' lang='lat' dir='ltr'>Et</span> <span class='ocrx_word' id='word_1_184' title='bbox 1094 2581 1204 2645; x_wconf 86' lang='lat' dir='ltr'>illa</span> <span class='ocrx_word' id='word_1_185' title='bbox 1251 2582 1505 2666; x_wconf 83' lang='lat' dir='ltr'>quidem</span> <span class='ocrx_word' id='word_1_186' title='bbox 1550 2581 1849 2659; x_wconf 85' lang='lat' dir='ltr'>infinitas,</span> <span class='ocrx_word' id='word_1_187' title='bbox 1892 2579 1935 2660; x_wconf 80' lang='grc' dir='ltr'><em>ἡ</em></span> <span class='ocrx_word' id='word_1_188' title='bbox 1980 2579 2124 2646; x_wconf 81' lang='grc' dir='ltr'><strong><em>κατ’</em></strong></span> <span class='ocrx_word' id='word_1_189' title='bbox 2164 2579 2555 2666; x_wconf 76' lang='grc' dir='ltr'><strong><em>εὐθυωρίαν,</em></strong></span> <span class='ocrx_word' id='word_1_190' title='bbox 2600 2601 2753 2665; x_wconf 73' lang='lat' dir='ltr'>qua—</span> 
     </span>
     <span class='ocr_line' id='line_1_23' title="bbox 543 2683 2755 2772; baseline -0.001 -23"><span class='ocrx_word' id='word_1_191' title='bbox 543 2684 621 2749; x_wconf 85' lang='lat' dir='ltr'>lis</span> <span class='ocrx_word' id='word_1_192' title='bbox 658 2687 756 2763; x_wconf 91' lang='lat' dir='ltr'>sit,</span> <span class='ocrx_word' id='word_1_193' title='bbox 793 2685 1073 2750; x_wconf 83' lang='lat' dir='ltr'>illustrat</span> <span class='ocrx_word' id='word_1_194' title='bbox 1105 2684 1405 2770; x_wconf 86' lang='lat' dir='ltr'>exemplis</span> <span class='ocrx_word' id='word_1_195' title='bbox 1448 2706 1523 2748; x_wconf 84' lang='lat' dir='ltr'>ex</span> <span class='ocrx_word' id='word_1_196' title='bbox 1562 2685 1856 2749; x_wconf 90' lang='lat' dir='ltr'>omnibus</span> <span class='ocrx_word' id='word_1_197' title='bbox 1894 2707 2218 2748; x_wconf 86' lang='lat' dir='ltr'>causarum</span> <span class='ocrx_word' id='word_1_198' title='bbox 2260 2683 2604 2772; x_wconf 86' lang='lat' dir='ltr'>generibus</span> <span class='ocrx_word' id='word_1_199' title='bbox 2641 2703 2755 2768; x_wconf 90' lang='lat' dir='ltr'>pe-</span> 
     </span>
     <span class='ocr_line' id='line_1_24' title="bbox 545 2787 2753 2872; baseline -0 -21"><span class='ocrx_word' id='word_1_200' title='bbox 545 2791 675 2851; x_wconf 88' lang='lat' dir='ltr'>titis</span> <span class='ocrx_word' id='word_1_201' title='bbox 707 2791 1013 2864; x_wconf 70' lang='lat' dir='ltr'>aza—11,</span> <span class='ocrx_word' id='word_1_202' title='bbox 1049 2810 1124 2851; x_wconf 87' lang='lat' dir='ltr'>ac</span> <span class='ocrx_word' id='word_1_203' title='bbox 1154 2787 1389 2851; x_wconf 86' lang='lat' dir='ltr'>deinde</span> <span class='ocrx_word' id='word_1_204' title='bbox 1418 2787 1813 2851; x_wconf 83' lang='lat' dir='ltr'>demonstrat</span> <span class='ocrx_word' id='word_1_205' title='bbox 1841 2790 2179 2852; x_wconf 43' lang='lat' dir='ltr'>alla-19</span> <span class='ocrx_word' id='word_1_206' title='bbox 2206 2787 2348 2852; x_wconf 86' lang='lat' dir='ltr'>fieri</span> <span class='ocrx_word' id='word_1_207' title='bbox 2380 2808 2510 2851; x_wconf 90' lang='lat' dir='ltr'>non</span> <span class='ocrx_word' id='word_1_208' title='bbox 2540 2808 2753 2872; x_wconf 85' lang='lat' dir='ltr'>posse,</span> 
     </span>
     <span class='ocr_line' id='line_1_25' title="bbox 544 2890 2754 2975; baseline -0 -22"><span class='ocrx_word' id='word_1_209' title='bbox 544 2902 614 2953; x_wconf 80' lang='lat' dir='ltr'>ut</span> <span class='ocrx_word' id='word_1_210' title='bbox 656 2893 723 2952; x_wconf 87' lang='lat' dir='ltr'>in</span> <span class='ocrx_word' id='word_1_211' title='bbox 767 2891 1081 2954; x_wconf 84' lang='lat' dir='ltr'>infinitum</span> <span class='ocrx_word' id='word_1_212' title='bbox 1130 2912 1316 2954; x_wconf 87' lang='lat' dir='ltr'>causa</span> <span class='ocrx_word' id='word_1_213' title='bbox 1364 2890 1562 2955; x_wconf 85' lang='lat' dir='ltr'>altera</span> <span class='ocrx_word' id='word_1_214' title='bbox 1609 2912 1684 2955; x_wconf 88' lang='lat' dir='ltr'>ex</span> <span class='ocrx_word' id='word_1_215' title='bbox 1731 2890 1925 2954; x_wconf 89' lang='lat' dir='ltr'>altera</span> <span class='ocrx_word' id='word_1_216' title='bbox 1964 2900 2304 2975; x_wconf 84' lang='lat' dir='ltr'>repetatur.</span> <span class='ocrx_word' id='word_1_217' title='bbox 2379 2892 2466 2955; x_wconf 90' lang='lat' dir='ltr'>Et</span> <span class='ocrx_word' id='word_1_218' title='bbox 2503 2912 2575 2954; x_wconf 86' lang='lat' dir='ltr'>ea</span> <span class='ocrx_word' id='word_1_219' title='bbox 2616 2892 2754 2974; x_wconf 89' lang='lat' dir='ltr'>qui-</span> 
     </span>
     <span class='ocr_line' id='line_1_26' title="bbox 546 2991 2753 3079; baseline 0.001 -25"><span class='ocrx_word' id='word_1_220' title='bbox 546 2991 687 3055; x_wconf 87' lang='lat' dir='ltr'>dem</span> <span class='ocrx_word' id='word_1_221' title='bbox 746 2997 1209 3079; x_wconf 78' lang='lat' dir='ltr'>argumentatio</span> <span class='ocrx_word' id='word_1_222' title='bbox 1269 3014 1578 3077; x_wconf 85' lang='lat' dir='ltr'>suspensa</span> <span class='ocrx_word' id='word_1_223' title='bbox 1634 3004 1732 3057; x_wconf 84' lang='lat' dir='ltr'>est</span> <span class='ocrx_word' id='word_1_224' title='bbox 1775 3016 1808 3055; x_wconf 86' lang='lat' dir='ltr'>a</span> <span class='ocrx_word' id='word_1_225' title='bbox 1856 2996 2126 3058; x_wconf 89' lang='lat' dir='ltr'>notione</span> <span class='ocrx_word' id='word_1_226' title='bbox 2170 2997 2290 3058; x_wconf 85' lang='grc' dir='ltr'>τοῦ</span> <span class='ocrx_word' id='word_1_227' title='bbox 2330 2998 2552 3078; x_wconf 73' lang='grc' dir='ltr'><strong><em>μέσου.</em></strong></span> <span class='ocrx_word' id='word_1_228' title='bbox 2642 2994 2753 3056; x_wconf 87' lang='lat' dir='ltr'>Et-</span> 
     </span>
     <span class='ocr_line' id='line_1_27' title="bbox 547 3093 2755 3180; baseline 0.001 -22"><span class='ocrx_word' id='word_1_229' title='bbox 547 3099 713 3158; x_wconf 87' lang='lat' dir='ltr'>enim</span> <span class='ocrx_word' id='word_1_230' title='bbox 772 3100 824 3158; x_wconf 88' lang='lat' dir='ltr'>si</span> <span class='ocrx_word' id='word_1_231' title='bbox 883 3099 999 3158; x_wconf 80' lang='lat' dir='ltr'>tria</span> <span class='ocrx_word' id='word_1_232' title='bbox 1063 3099 1149 3158; x_wconf 87' lang='lat' dir='ltr'>ita</span> <span class='ocrx_word' id='word_1_233' title='bbox 1207 3093 1515 3180; x_wconf 86' lang='lat' dir='ltr'>disposita</span> <span class='ocrx_word' id='word_1_234' title='bbox 1575 3118 1887 3161; x_wconf 76' lang='lat' dir='ltr'>sumamus</span> <span class='ocrx_word' id='word_1_235' title='bbox 1947 3119 2022 3160; x_wconf 87' lang='lat' dir='ltr'>ex</span> <span class='ocrx_word' id='word_1_236' title='bbox 2080 3097 2305 3161; x_wconf 88' lang='lat' dir='ltr'>ordine</span> <span class='ocrx_word' id='word_1_237' title='bbox 2361 3117 2617 3174; x_wconf 84' lang='lat' dir='ltr'>causae,</span> <span class='ocrx_word' id='word_1_238' title='bbox 2677 3107 2755 3161; x_wconf 82' lang='lat' dir='ltr'>ut</span> 
     </span>
     <span class='ocr_line' id='line_1_28' title="bbox 544 3199 2752 3285; baseline -0.001 -22"><span class='ocrx_word' id='word_1_239' title='bbox 544 3221 738 3263; x_wconf 86' lang='lat' dir='ltr'>unum</span> <span class='ocrx_word' id='word_1_240' title='bbox 797 3202 879 3262; x_wconf 90' lang='lat' dir='ltr'>sit</span> <span class='ocrx_word' id='word_1_241' title='bbox 933 3199 1205 3262; x_wconf 87' lang='lat' dir='ltr'>medium</span> <span class='ocrx_word' id='word_1_242' title='bbox 1264 3209 1328 3262; x_wconf 89' lang='lat' dir='ltr'>et</span> <span class='ocrx_word' id='word_1_243' title='bbox 1385 3210 1555 3262; x_wconf 86' lang='lat' dir='ltr'>extra</span> <span class='ocrx_word' id='word_1_244' title='bbox 1618 3199 1776 3263; x_wconf 87' lang='lat' dir='ltr'>illud</span> <span class='ocrx_word' id='word_1_245' title='bbox 1839 3199 2104 3263; x_wconf 85' lang='lat' dir='ltr'>alterum</span> <span class='ocrx_word' id='word_1_246' title='bbox 2160 3202 2426 3285; x_wconf 86' lang='lat' dir='ltr'>primum</span> <span class='ocrx_word' id='word_1_247' title='bbox 2486 3200 2752 3263; x_wconf 87' lang='lat' dir='ltr'>alterum</span> 
     </span>
     <span class='ocr_line' id='line_1_29' title="bbox 547 3302 2749 3388; baseline 0 -22"><span class='ocrx_word' id='word_1_248' title='bbox 547 3310 913 3380; x_wconf 77' lang='lat' dir='ltr'>extremum,</span> <span class='ocrx_word' id='word_1_249' title='bbox 970 3305 1296 3387; x_wconf 85' lang='lat' dir='ltr'>quaerenti</span> <span class='ocrx_word' id='word_1_250' title='bbox 1344 3302 1496 3387; x_wconf 84' lang='lat' dir='ltr'>quid</span> <span class='ocrx_word' id='word_1_251' title='bbox 1545 3324 1617 3366; x_wconf 87' lang='lat' dir='ltr'>ex</span> <span class='ocrx_word' id='word_1_252' title='bbox 1663 3302 1756 3366; x_wconf 86' lang='lat' dir='ltr'>his</span> <span class='ocrx_word' id='word_1_253' title='bbox 1800 3302 2189 3387; x_wconf 88' lang='lat' dir='ltr'>reliquorum</span> <span class='ocrx_word' id='word_1_254' title='bbox 2235 3307 2318 3369; x_wconf 83' lang='lat' dir='ltr'>sit</span> <span class='ocrx_word' id='word_1_255' title='bbox 2363 3325 2576 3381; x_wconf 86' lang='lat' dir='ltr'>causa,</span> <span class='ocrx_word' id='word_1_256' title='bbox 2623 3305 2749 3388; x_wconf 84' lang='lat' dir='ltr'>pri-</span> 
     </span>
     <span class='ocr_line' id='line_1_30' title="bbox 542 3404 2752 3489; baseline 0 -22"><span class='ocrx_word' id='word_1_257' title='bbox 542 3426 712 3468; x_wconf 86' lang='lat' dir='ltr'>mum</span> <span class='ocrx_word' id='word_1_258' title='bbox 771 3426 1018 3469; x_wconf 87' lang='lat' dir='ltr'>causam</span> <span class='ocrx_word' id='word_1_259' title='bbox 1081 3426 1220 3468; x_wconf 86' lang='lat' dir='ltr'>esse</span> <span class='ocrx_word' id='word_1_260' title='bbox 1270 3404 1825 3489; x_wconf 68' lang='lat' dir='ltr'>respondebimusz</span> <span class='ocrx_word' id='word_1_261' title='bbox 1887 3416 2226 3470; x_wconf 85' lang='lat' dir='ltr'>extremum</span> <span class='ocrx_word' id='word_1_262' title='bbox 2275 3409 2437 3469; x_wconf 88' lang='lat' dir='ltr'>enim</span> <span class='ocrx_word' id='word_1_263' title='bbox 2485 3428 2558 3470; x_wconf 85' lang='lat' dir='ltr'>ex</span> <span class='ocrx_word' id='word_1_264' title='bbox 2604 3405 2752 3469; x_wconf 80' lang='lat' dir='ltr'>reli-</span> 
     </span>
     <span class='ocr_line' id='line_1_31' title="bbox 545 3506 2752 3595; baseline 0 -25"><span class='ocrx_word' id='word_1_265' title='bbox 545 3509 686 3592; x_wconf 87' lang='lat' dir='ltr'>quis</span> <span class='ocrx_word' id='word_1_266' title='bbox 732 3506 1013 3585; x_wconf 89' lang='lat' dir='ltr'>duobus,</span> <span class='ocrx_word' id='word_1_267' title='bbox 1068 3509 1342 3571; x_wconf 86' lang='lat' dir='ltr'>medium</span> <span class='ocrx_word' id='word_1_268' title='bbox 1403 3529 1476 3570; x_wconf 87' lang='lat' dir='ltr'>ex</span> <span class='ocrx_word' id='word_1_269' title='bbox 1523 3513 1728 3593; x_wconf 88' lang='lat' dir='ltr'>primo</span> <span class='ocrx_word' id='word_1_270' title='bbox 1773 3514 1858 3573; x_wconf 88' lang='lat' dir='ltr'>ita</span> <span class='ocrx_word' id='word_1_271' title='bbox 1903 3521 2003 3572; x_wconf 89' lang='lat' dir='ltr'>est</span> <span class='ocrx_word' id='word_1_272' title='bbox 2047 3529 2451 3595; x_wconf 74' lang='lat' dir='ltr'>suspensum,</span> <span class='ocrx_word' id='word_1_273' title='bbox 2510 3520 2582 3573; x_wconf 87' lang='lat' dir='ltr'>ut</span> <span class='ocrx_word' id='word_1_274' title='bbox 2626 3512 2752 3572; x_wconf 83' lang='lat' dir='ltr'>nisi</span> 
     </span>
    </p>
   </div>
   <div class='ocr_carea' id='block_1_7' title="bbox 424 3609 2748 3698">
    <p class='ocr_par' dir='ltr' id='par_1_7' title="bbox 424 3609 2748 3698">
     <span class='ocr_line' id='line_1_32' title="bbox 424 3609 2748 3698; baseline 0.002 -26"><span class='ocrx_word' id='word_1_275' title='bbox 424 3628 429 3631; x_wconf 87' lang='lat'>·</span> <span class='ocrx_word' id='word_1_276' title='bbox 542 3609 657 3672; x_wconf 81' lang='lat' dir='ltr'>illa</span> <span class='ocrx_word' id='word_1_277' title='bbox 686 3613 827 3687; x_wconf 86' lang='lat' dir='ltr'>sint,</span> <span class='ocrx_word' id='word_1_278' title='bbox 871 3613 1076 3695; x_wconf 86' lang='lat' dir='ltr'>ipsum</span> <span class='ocrx_word' id='word_1_279' title='bbox 1122 3632 1330 3694; x_wconf 88' lang='lat' dir='ltr'>neque</span> <span class='ocrx_word' id='word_1_280' title='bbox 1377 3632 1514 3675; x_wconf 88' lang='lat' dir='ltr'>esse</span> <span class='ocrx_word' id='word_1_281' title='bbox 1561 3632 1682 3675; x_wconf 86' lang='lat' dir='ltr'>nec</span> <span class='ocrx_word' id='word_1_282' title='bbox 1717 3630 1903 3676; x_wconf 86' lang='lat' dir='ltr'>causa</span> <span class='ocrx_word' id='word_1_283' title='bbox 1943 3615 2307 3696; x_wconf 84' lang='lat' dir='ltr'>cuiusquam</span> <span class='ocrx_word' id='word_1_284' title='bbox 2347 3633 2486 3676; x_wconf 89' lang='lat' dir='ltr'>esse</span> <span class='ocrx_word' id='word_1_285' title='bbox 2522 3616 2748 3698; x_wconf 73' lang='lat' dir='ltr'>possit.</span> 
     </span>
    </p>
   </div>
   <div class='ocr_carea' id='block_1_8' title="bbox 482 3712 2752 4423">
    <p class='ocr_par' dir='ltr' id='par_1_8' title="bbox 482 3712 2752 4423">
     <span class='ocr_line' id='line_1_33' title="bbox 546 3712 2752 3802; baseline 0.001 -27"><span class='ocrx_word' id='word_1_286' title='bbox 546 3713 675 3776; x_wconf 77' lang='lat' dir='ltr'>lam</span> <span class='ocrx_word' id='word_1_287' title='bbox 730 3734 886 3778; x_wconf 83' lang='lat' dir='ltr'>vero</span> <span class='ocrx_word' id='word_1_288' title='bbox 946 3715 1001 3774; x_wconf 88' lang='lat' dir='ltr'>si</span> <span class='ocrx_word' id='word_1_289' title='bbox 1048 3715 1115 3774; x_wconf 87' lang='lat' dir='ltr'>in</span> <span class='ocrx_word' id='word_1_290' title='bbox 1160 3713 1850 3800; x_wconf 73' lang='lat' dir='ltr'>investiganda‘causa</span> <span class='ocrx_word' id='word_1_291' title='bbox 1910 3712 2397 3778; x_wconf 69' lang='lat' dir='ltr'>ascendentibus</span> <span class='ocrx_word' id='word_1_292' title='bbox 2455 3736 2752 3802; x_wconf 69' lang='lat' dir='ltr'>progres-</span> 
     </span>
     <span class='ocr_line' id='line_1_34' title="bbox 545 3814 2750 3902; baseline 0.002 -24"><span class='ocrx_word' id='word_1_293' title='bbox 545 3837 681 3879; x_wconf 89' lang='lat' dir='ltr'>sum</span> <span class='ocrx_word' id='word_1_294' title='bbox 727 3819 792 3880; x_wconf 92' lang='lat' dir='ltr'>in</span> <span class='ocrx_word' id='word_1_295' title='bbox 836 3814 1153 3879; x_wconf 82' lang='lat' dir='ltr'>infinitum</span> <span class='ocrx_word' id='word_1_296' title='bbox 1197 3827 1417 3900; x_wconf 87' lang='lat' dir='ltr'>patere</span> <span class='ocrx_word' id='word_1_297' title='bbox 1461 3822 1804 3896; x_wconf 84' lang='lat' dir='ltr'>statuimus,</span> <span class='ocrx_word' id='word_1_298' title='bbox 1860 3836 2265 3902; x_wconf 82' lang='lat' dir='ltr'>quascunque</span> <span class='ocrx_word' id='word_1_299' title='bbox 2310 3822 2376 3882; x_wconf 91' lang='lat' dir='ltr'>in</span> <span class='ocrx_word' id='word_1_300' title='bbox 2417 3819 2537 3882; x_wconf 81' lang='lat' dir='ltr'>hac</span> <span class='ocrx_word' id='word_1_301' title='bbox 2579 3820 2750 3883; x_wconf 84' lang='lat' dir='ltr'>serie</span> 
     </span>
     <span class='ocr_line' id='line_1_35' title="bbox 542 3920 2752 4006; baseline 0.001 -24"><span class='ocrx_word' id='word_1_302' title='bbox 542 3921 897 3982; x_wconf 84' lang='lat' dir='ltr'>invenimus</span> <span class='ocrx_word' id='word_1_303' title='bbox 944 3939 1180 3996; x_wconf 79' lang='lat' dir='ltr'>causae,</span> <span class='ocrx_word' id='word_1_304' title='bbox 1227 3938 1341 3983; x_wconf 85' lang='lat' dir='ltr'>eae</span> <span class='ocrx_word' id='word_1_305' title='bbox 1382 3941 1605 3984; x_wconf 85' lang='lat' dir='ltr'>omnes</span> <span class='ocrx_word' id='word_1_306' title='bbox 1645 3921 1918 3986; x_wconf 86' lang='lat' dir='ltr'>medium</span> <span class='ocrx_word' id='word_1_307' title='bbox 1960 3920 2255 3984; x_wconf 87' lang='lat' dir='ltr'>obtinent</span> <span class='ocrx_word' id='word_1_308' title='bbox 2291 3920 2523 4000; x_wconf 84' lang='lat' dir='ltr'>locum,</span> <span class='ocrx_word' id='word_1_309' title='bbox 2567 3942 2752 4006; x_wconf 78' lang='lat' dir='ltr'>prae-</span> 
     </span>
     <span class='ocr_line' id='line_1_36' title="bbox 543 4021 2748 4114; baseline 0.002 -29"><span class='ocrx_word' id='word_1_310' title='bbox 543 4031 644 4085; x_wconf 87' lang='lat' dir='ltr'>ter</span> <span class='ocrx_word' id='word_1_311' title='bbox 688 4032 1028 4085; x_wconf 82' lang='lat' dir='ltr'>extremum</span> <span class='ocrx_word' id='word_1_312' title='bbox 1076 4021 1267 4100; x_wconf 81' lang='lat' dir='ltr'>illud,</span> <span class='ocrx_word' id='word_1_313' title='bbox 1322 4026 1501 4087; x_wconf 84' lang='lat' dir='ltr'>cuius</span> <span class='ocrx_word' id='word_1_314' title='bbox 1561 4024 1639 4114; x_wconf 60' lang='lat' dir='ltr'>ab</span> <span class='ocrx_word' id='word_1_315' title='bbox 1694 4027 2190 4111; x_wconf 81' lang='lat' dir='ltr'>investigatione</span> <span class='ocrx_word' id='word_1_316' title='bbox 2249 4029 2454 4090; x_wconf 82' lang='lat' dir='ltr'>exorsi</span> <span class='ocrx_word' id='word_1_317' title='bbox 2516 4046 2748 4102; x_wconf 60' lang='lat' dir='ltr'>sumus,</span> 
     </span>
     <span class='ocr_line' id='line_1_37' title="bbox 543 4127 2750 4213; baseline 0.002 -26"><span class='ocrx_word' id='word_1_318' title='bbox 543 4128 733 4210; x_wconf 78' lang='grc' dir='ltr'><em>μέχρι</em></span> <span class='ocrx_word' id='word_1_319' title='bbox 773 4127 892 4189; x_wconf 79' lang='grc' dir='ltr'>τοῦ</span> <span class='ocrx_word' id='word_1_320' title='bbox 926 4127 1047 4189; x_wconf 80' lang='grc' dir='ltr'>νῦν</span> <span class='ocrx_word' id='word_1_321' title='bbox 1075 4127 1240 4201; x_wconf 68' lang='grc'><strong>«118;</strong></span> <span class='ocrx_word' id='word_1_322' title='bbox 1284 4129 1635 4212; x_wconf 84' lang='lat' dir='ltr'>principem</span> <span class='ocrx_word' id='word_1_323' title='bbox 1659 4127 1897 4205; x_wconf 70' lang='lat' dir='ltr'>⁴locum,</span> <span class='ocrx_word' id='word_1_324' title='bbox 1944 4131 2238 4213; x_wconf 85' lang='lat' dir='ltr'>quoniam</span> <span class='ocrx_word' id='word_1_325' title='bbox 2275 4128 2467 4192; x_wconf 86' lang='lat' dir='ltr'>finem</span> <span class='ocrx_word' id='word_1_326' title='bbox 2501 4128 2611 4193; x_wconf 82' lang='lat' dir='ltr'>illa</span> <span class='ocrx_word' id='word_1_327' title='bbox 2651 4151 2750 4199; x_wconf 74' lang='lat' dir='ltr'>se-</span> 
     </span>
     <span class='ocr_line' id='line_1_38' title="bbox 545 4227 2746 4320; baseline 0.004 -30"><span class='ocrx_word' id='word_1_328' title='bbox 545 4229 669 4291; x_wconf 86' lang='lat' dir='ltr'>ries</span> <span class='ocrx_word' id='word_1_329' title='bbox 713 4247 848 4290; x_wconf 90' lang='lat' dir='ltr'>non</span> <span class='ocrx_word' id='word_1_330' title='bbox 881 4227 1120 4291; x_wconf 84' lang='lat' dir='ltr'>habere</span> <span class='ocrx_word' id='word_1_331' title='bbox 1157 4227 1577 4305; x_wconf 84' lang='lat' dir='ltr'>contenditur,</span> <span class='ocrx_word' id='word_1_332' title='bbox 1623 4230 1797 4294; x_wconf 67' lang='lat' dir='ltr'>nulla</span> <span class='ocrx_word' id='word_1_333' title='bbox 1840 4254 1915 4296; x_wconf 81' lang='lat' dir='ltr'>ex</span> <span class='ocrx_word' id='word_1_334' title='bbox 1950 4232 2243 4296; x_wconf 71' lang='lat' dir='ltr'>omnibus</span> <span class='ocrx_word' id='word_1_335' title='bbox 2281 4231 2489 4296; x_wconf 86' lang='lat' dir='ltr'>habet.</span> <span class='ocrx_word' id='word_1_336' title='bbox 2564 4234 2746 4320; x_wconf 83' lang='lat' dir='ltr'>Ergo</span> 
     </span>
     <span class='ocr_line' id='line_1_39' title="bbox 482 4328 2747 4423; baseline 0.004 -30"><span class='ocrx_word' id='word_1_337' title='bbox 482 4346 489 4351; x_wconf 83' lang='grc'><em>“</em></span> <span class='ocrx_word' id='word_1_338' title='bbox 545 4331 691 4416; x_wconf 84' lang='lat' dir='ltr'>quia</span> <span class='ocrx_word' id='word_1_339' title='bbox 734 4328 979 4394; x_wconf 88' lang='lat' dir='ltr'>mediae</span> <span class='ocrx_word' id='word_1_340' title='bbox 1022 4339 1186 4408; x_wconf 89' lang='lat' dir='ltr'>sunt,</span> <span class='ocrx_word' id='word_1_341' title='bbox 1231 4353 1315 4395; x_wconf 88' lang='lat' dir='ltr'>ne</span> <span class='ocrx_word' id='word_1_342' title='bbox 1354 4352 1589 4397; x_wconf 74' lang='lat' dir='ltr'>causae</span> <span class='ocrx_word' id='word_1_343' title='bbox 1636 4335 1889 4419; x_wconf 87' lang='lat' dir='ltr'>quidem</span> <span class='ocrx_word' id='word_1_344' title='bbox 1926 4346 2197 4421; x_wconf 84' lang='lat' dir='ltr'>possunt</span> <span class='ocrx_word' id='word_1_345' title='bbox 2232 4336 2373 4412; x_wconf 71' lang='lat' dir='ltr'>dici,</span> <span class='ocrx_word' id='word_1_346' title='bbox 2416 4340 2747 4423; x_wconf 83' lang='lat' dir='ltr'>ipsamque</span> 
     </span>
    </p>
   </div>
  </div>
 </body>
</html>
