3043 4973
1164 261 1240 328 Z
1284 255 1352 329 7.
1436 253 1703 332 10330.
2390 255 2531 335 323

322 425 458 496 ἀπὸ
505 435 747 518 τέχνης,
791 451 912 495 nec
955 451 1111 497 vero
1158 433 1278 502 τοῦ
1318 434 1649 498 νοεῖσθαι.
1723 436 1944 501 Veluti
1983 457 2055 502 ex
2090 447 2401 524 concepta
2436 459 2532 502 sa-

320 538 534 600 nitatis
579 537 847 600 notione
891 555 1218 624 regressus
1263 536 1344 600 ad
1392 559 1495 615 ea,
1555 559 1716 624 quae
1774 539 1855 603 ad
1914 541 2078 605 hanc
2129 537 2529 607 efficiendam

322 643 760 725 requiruntur,
809 639 1094 706 medicus
1140 639 1487 707 fricandam
1535 662 1765 728 corpus
1809 644 2140 732 intelligit3
2196 643 2263 709 id
2308 648 2533 732 ipsum,

323 743 499 830 quod
560 742 782 807 artifici
841 746 1216 830 principium
1279 754 1377 809 est
1430 744 1735 824 faciendi,
1794 750 1845 811 si
1896 747 2160 814 fortuito
2208 753 2531 830 exstiterit,

322 852 461 934 ipsa
509 849 697 911 etiam
742 852 974 912 sanitas
1020 848 1292 913 fortuito
1348 853 1619 914 eveniet.
1699 852 1864 916 1126:
1923 848 1967 932 ἡ
2010 845 2352 937 θερμόέης
2394 856 2532 919 τοί-

322 973 441 1017 νυν
489 987 570 1002 -
616 953 705 1016 28
747 946 859 1015 διὰ
902 947 1239 1015 πλειόνων.
1334 953 1645 1018 Particula
1690 949 1736 1034 ἥ
1790 965 1889 1019 ter
1945 960 2154 1042 posita
2213 957 2400 1021 facile
2445 957 2534 1021 le-

327 1066 563 1121 ctorem
611 1059 678 1119 in
726 1076 868 1120 eum
910 1065 1128 1140 potest
1171 1055 1406 1120 ducere
1452 1075 1749 1135 errorem,
1797 1069 1867 1123 ut
1905 1062 2023 1124 tria
2060 1060 2339 1124 eiusdem
2379 1060 2533 1124 divi·

328 1163 526 1224 sionis
570 1159 850 1223 membra
895 1162 1063 1222 inter
1105 1179 1180 1222 se
1222 1158 1531 1225 disiuncta
1579 1172 1786 1247 putet3
1832 1162 2134 1227 videntur
2171 1174 2379 1228 autem
2417 1185 2536 1250 po·

323 1266 449 1328 tius
505 1264 675 1328 hunc
728 1267 792 1326 in
850 1262 1108 1326 modum
1166 1262 1359 1328 verba
1421 1274 1486 1328 et
1543 1264 1897 1352 supplenda
1958 1287 2098 1332 esse
2155 1277 2220 1332 et
2278 1267 2537 1331 confor-

322 1367 583 1432 manda:
641 1363 686 1447 ἡ
737 1361 1079 1453 θερμότης
1135 1368 1357 1433 τοίνυν
1412 1365 1460 1447 ἡ
1514 1372 1585 1431 ἐν
1642 1372 1733 1451 τῷ
1786 1362 2041 1451 σώματι
2096 1362 2144 1450 ἢ
2187 1366 2354 1449 αὐτή
2399 1376 2537 1437 ἐστι

323 1475 524 1558 μέρος
566 1473 685 1552 τῆς
726 1468 999 1555 ὑγιείας,
1055 1463 1102 1550 ἢ
1144 1471 1365 1535 ἕπεταί
1407 1493 1473 1534 τι
1516 1462 1561 1549 ἢ
1605 1468 1767 1560 αὐτῇ
1813 1469 1910 1550 (b.
1952 1493 2010 1538 e.
2058 1469 2289 1553 εὐθύς,
2335 1476 2538 1538 conti-

323 1593 491 1655 nuo,
538 1575 883 1662 deinceps)
929 1569 974 1654 ἢ
1015 1568 1129 1638 διὰ
1170 1569 1490 1639 πλειόνων
1534 1576 1864 1652 τοιοῦτον,
1916 1570 1954 1639 ὅ
2000 1580 2138 1641 ἐστι
2181 1581 2381 1664 μέρος
2419 1579 2538 1656 τῆς

323 1678 590 1764 ὑγιείας.
680 1679 892 1744 Multo
954 1677 1324 1743 obscuriora
1381 1680 1664 1763 proxima
1724 1687 1873 1743 sunt
1929 1679 2150 1744 verbm
2212 1680 2410 1744 τοῦτο
2469 1676 2530 1745 δ’

327 1786 607 1869 ἔσχατον
662 1779 739 1848 τὸ
797 1784 1059 1861 ποιοῦν,
1117 1784 1230 1847 καὶ
1286 1776 1363 1847 τὸ
1425 1777 1631 1858 οὕτως
1685 1785 1887 1871 μέρος
1941 1784 2078 1849 ἐστὶ
2126 1784 2249 1862 ’τῆς
2290 1780 2541 1867 ὑγιείας

325 1890 438 1953 καὶ
483 1888 602 1968 τῆς
647 1888 858 1962 οἰκίας
898 1887 1049 1964 κτλ,
1098 1905 1275 1972 quae,
1318 1898 1391 1951 ut
1420 1885 1622 1973 vulgo
1658 1886 2048 1966 exhibentur,
2094 1905 2214 1951 nec
2257 1890 2541 1952 construi

328 1994 735 2080 grammatice
791 2009 915 2054 nec
951 1989 1245 2078 -intelligi
1302 2001 1595 2078 possunt.
1684 1990 2052 2078 Depravata
2098 1994 2250 2078 quin
2297 1994 2424 2055 sint
2467 1989 2542 2055 li-

327 2096 683 2160 brariorum
731 2093 917 2180 culpa
966 2115 1100 2157 non
1147 2094 1391 2174 dubito,
1436 2093 1552 2159 sed
1599 2093 1773 2181 quod
1812 2094 2241 2161 Casaubonus
2277 2099 2341 2160 in
2383 2115 2542 2160 mar·-

329 2203 484 2288 gine
527 2197 828 2262 editionis
878 2220 952 2262 ex
985 2193 1330 2262 Alexandri
1375 2202 1907 2285 interpretatione
1948 2199 2254 2288 colligere
2290 2200 2417 2264 sibi
2452 2203 2543 2264 vi-

329 2321 438 2368 sus
487 2312 609 2381 est,
667 2299 1022 2388 pleniorem
1080 2299 1258 2367 illum
1312 2303 1610 2374 habuisse
1672 2312 1936 2383 textum,
1974 2324 2227 2368 -vereor
2274 2314 2346 2368 ut
2388 2305 2542 2368 satis

332 2407 680 2496 diligenter
722 2407 892 2470 hune
933 2407 1344 2493 interpretem
1392 2406 1778 2486 adhibuerit,
1836 2408 1915 2471 cf.
1962 2427 2027 2494 p.
2061 2409 2209 2488 459,
2248 2407 2335 2473 26
2375 2427 2541 2495 sqq-l

330 2517 386 2578 is
434 2514 599 2576 enim
648 2510 870 2575 eadem
913 2510 1150 2599 legisse
1191 2511 1416 2588 verba,
1474 2511 1589 2575 sed
1646 2530 1788 2577 cum
1834 2511 2092 2576 levitate
2139 2512 2407 2598 quadam
2452 2514 2546 2576 in-

333 2618 634 2703 terpretis
692 2614 911 2678 officio
959 2615 1211 2679 videtur
1254 2614 1590 2681 defunctus
1636 2634 1796 2681 esse.
1884 2617 2038 2681 Non
2085 2614 2285 2703 longe
2329 2636 2365 2683 a
2413 2614 2549 2679 vul-

332 2733 484 2810 gata
529 2720 810 2784 lectione
854 2718 1230 2801 recedemus
1280 2727 1372 2796 et,
1416 2721 1469 2780 si
1515 2736 1647 2781 non
1695 2721 2064 2806 genuinam,
2124 2729 2328 2805 aptam
2375 2729 2547 2783 certe

333 2824 712 2889 habebimus
755 2823 1114 2902 lectionem,
1165 2826 1217 2886 si
1264 2842 1382 2908 pro
1427 2822 1539 2887 καὶ
1584 2815 1662 2886 τὸ
1708 2816 1912 2898 οὕτως
1959 2825 2393 2909 scripserimus
2424 2823 2550 2888 ’καὶ

335 2924 538 2997 αὐτό
583 2950 768 3005 πως,
814 2938 884 2991 ut
919 2929 1077 2992 haec
1115 2930 1200 2992 sit
1238 2929 1582 2991 sententia:
1626 2918 1704 2990 τὸ
1737 2929 1972 2991 ποιοῦν
2012 2930 2163 3005 (int.
2202 2923 2247 3006 ἡ
2289 2928 2551 3016 τρῖψις)

336 3036 535 3098 τοῦτο
584 3034 734 3114 (int.
779 3025 901 3110 τὴν
938 3027 1386 3116 θερμότητα),
1431 3033 1709 3115 ἔσχατον
1755 3024 1848 3109 ὅν,
1893 3032 2005 3095 καὶ
2050 3025 2214 3096 αὐτό
2259 3050 2395 3106 πως
2435 3035 2552 3114 ,ue-²

327 3142 456 3223 ’ρος
500 3137 637 3200 ἐστὶ
681 3137 800 3214 τῆς
840 3130 1102 3218 ὑγιείας,
1149 3133 1392 3219 ὁμοίως
1436 3131 1651 3221 ὥσπερ
1691 3137 1808 3214 τῆς
1845 3134 2055 3208 οὶκίας
2088 3137 2156 3197 οἱ
2194 3133 2388 3203 λίθοι
2429 3126 2554 3198 ἐἶσὶ

336 3244 537 3325 μέρος
579 3241 692 3303 καὶ
733 3239 866 3303 τῶν
907 3232 1127 3303 ἄλλων
1162 3232 1352 3302 ἄλλα.
1427 3239 1606 3301 Haec
1642 3251 1713 3301 et
1746 3256 1885 3301 cum
1927 3232 2363 3322 superioribus
2404 3252 2553 3298 con-2

340 3350 582 3421 einent,
634 3364 821 3428 quum
870 3342 1122 3428 quidem
1159 3340 1443 3406 calorem
1485 3351 1733 3427 partem
1772 3358 1919 3403 esse
1957 3339 2113 3404 dixit¹
2146 3330 2467 3416 sanitatis,'
2493 3348 2559 3401 et

342 3459 557 3535 aptum
619 3446 698 3510 ad
756 3450 1044 3532 proxima
1100 3446 1413 3533 parabunt
1463 3447 1824 3523 transitum,
1885 3444 2112 3529 quibus
2158 3444 2355 3508 docet
2398 3440 2558 3506 nihil

338 3550 483 3617 fieri
528 3555 649 3615 nisi
696 3560 881 3614 antea
927 3549 1100 3615 aliud
1143 3549 1297 3636 quid
1345 3548 1667 3613 exstiterit.
2548 3580 2553 3587 ·

479 3656 798 3721 1032530
835 3649 1035 3718 ὥστε
1078 3686 1159 3704 ω-
1202 3654 1411 3719 1033«
1438 3652 1478 3717 5
1523 3647 1744 3730 ὕλην.
1813 3648 2013 3737 Quod
2052 3650 2206 3715 dicit
2245 3645 2559 3734 καθάπερ

341 3762 613 3843 λέγεται,
652 3760 796 3836 b30,
834 3767 1052 3843 potest
1083 3757 1198 3822 ille
1234 3757 1484 3842 quidem
1519 3759 1840 3841 respicere
1882 3754 1963 3818 ad
2003 3756 2337 3840 superiora
2369 3753 2560 3817 verbe

345 3866 484 3927 ‹12ss
530 3863 641 3926 ubi
687 3865 925 3939 omnia,
978 3883 1140 3946 quae
1184 3859 1292 3925 vel
1336 3883 1451 3946 per
1496 3869 1780 3923 naturam
1829 3857 1933 3922 vel
1979 3879 2097 3943 per
2143 3866 2338 3920 artem
2385 3856 2564 3935 fiunt,

344 3967 672 4030 materiam
717 3965 957 4028 habere
1002 3964 1178 4035 dixin
1226 3962 1554 4029 sed-haud
1596 3967 1741 4026 scio·
1772 3982 1852 4024 an
1894 3959 2055 4024 illud
2094 3971 2347 4046 tempus
2386 3978 2565 4044 prae-

349 4090 498 4134 sens
556 4070 812 4152 λέγεται
863 4071 1098 4132 rectius
1153 4067 1469 4130 referatur
1529 4065 1611 4128 ad
1668 4064 1966 4151 placitum
2018 4064 2177 4130 illud
2223 4084 2417 4150 saepe
2462 4061 2569 4127 vel

350 4182 909 4238 commemoratum
944 4171 1049 4236 vel
1086 4170 1568 4257 comprobatum
1610 4168 1687 4232 ab
1724 4166 2099 4233 Aristotele:
2138 4191 2272 4233 non
2306 4189 2445 4232 esse
2476 4169 2571 4230 in-

347 4277 594 4343 finitam
631 4276 1064 4365 progignendi
1100 4272 1365 4340 alterum
1406 4296 1482 4341 ex
1517 4262 1719 4353 altero
1757 4277 2003 4353 seriem,
2029 4273 2165 4352 sed,
2202 4281 2271 4337 ut
2306 4273 2568 4335 omnino

348 4384 564 4468 possit
609 4380 848 4466 aliquid
889 4380 1061 4458 fieri,
1124 4389 1426 4465 oportere
1473 4376 1645 4442 aliud
1692 4375 1845 4463 quid
1888 4388 2079 4442 antea
2119 4379 2187 4439 in
2232 4397 2302 4439 re
2338 4393 2572 4438 -οο-νθ·

2051 4480 2160 4534 21·
