<?xml version="1.0" encoding="UTF-8"?>
<!DOCTYPE html PUBLIC "-//W3C//DTD XHTML 1.0 Transitional//EN"
    "http://www.w3.org/TR/xhtml1/DTD/xhtml1-transitional.dtd">
<html xmlns="http://www.w3.org/1999/xhtml" xml:lang="en" lang="en">
 <head>
  <title>
</title>
<meta http-equiv="Content-Type" content="text/html;charset=utf-8" />
  <meta name='ocr-system' content='tesseract 3.04.00' />
  <meta name='ocr-capabilities' content='ocr_page ocr_carea ocr_par ocr_line ocrx_word'/>
</head>
<body>
  <div class='ocr_page' id='page_1' title='image "aristotelismeta02bonigoog_0409.png"; bbox 0 0 3043 4973; ppageno 0'>
   <div class='ocr_carea' id='block_1_1' title="bbox 1160 237 2520 315">
    <p class='ocr_par' dir='ltr' id='par_1_1' title="bbox 1160 237 2520 315">
     <span class='ocr_line' id='line_1_1' title="bbox 1160 237 2520 315; baseline 0.003 -4"><span class='ocrx_word' id='word_1_1' title='bbox 1160 239 1222 311; x_wconf 81' lang='grc' dir='ltr'><strong><em>Θ</em></strong></span> <span class='ocrx_word' id='word_1_2' title='bbox 1268 237 1338 313; x_wconf 87' lang='grc'><strong>4.</strong></span> <span class='ocrx_word' id='word_1_3' title='bbox 1420 238 1687 315; x_wconf 78' lang='lat' dir='ltr'><strong>1047b.</strong></span> <span class='ocrx_word' id='word_1_4' title='bbox 2375 237 2520 315; x_wconf 79' lang='lat'><strong>389</strong></span> 
     </span>
    </p>
   </div>
   <div class='ocr_carea' id='block_1_2' title="bbox 311 405 2519 1331">
    <p class='ocr_par' dir='ltr' id='par_1_2' title="bbox 311 405 2519 1331">
     <span class='ocr_line' id='line_1_2' title="bbox 448 405 2516 507; baseline -0 -25"><span class='ocrx_word' id='word_1_5' title='bbox 448 416 534 482; x_wconf 69' lang='lat'><strong>1³3</strong></span> <span class='ocrx_word' id='word_1_6' title='bbox 578 418 632 481; x_wconf 75' lang='grc' dir='ltr'><strong>εὶ</strong></span> <span class='ocrx_word' id='word_1_7' title='bbox 676 411 736 481; x_wconf 83' lang='grc' dir='ltr'><strong>δ’</strong></span> <span class='ocrx_word' id='word_1_8' title='bbox 775 415 914 486; x_wconf 70' lang='grc' dir='ltr'><strong>ἐστὶ</strong></span> <span class='ocrx_word' id='word_1_9' title='bbox 957 408 1035 481; x_wconf 78' lang='grc' dir='ltr'><strong>τὸ</strong></span> <span class='ocrx_word' id='word_1_10' title='bbox 1082 417 1421 503; x_wconf 68' lang='grc' dir='ltr'><strong>εἰρημένον</strong></span> <span class='ocrx_word' id='word_1_11' title='bbox 1465 411 1752 484; x_wconf 74' lang='grc' dir='ltr'><em>δυνατὸν</em></span> <span class='ocrx_word' id='word_1_12' title='bbox 1789 405 1832 507; x_wconf 80' lang='grc' dir='ltr'><strong><em>ᾖ</em></strong></span> <span class='ocrx_word' id='word_1_13' title='bbox 1874 413 2256 485; x_wconf 73' lang='grc' dir='ltr'><strong>ἀκολουθεῖ.</strong></span> <span class='ocrx_word' id='word_1_14' title='bbox 2340 414 2516 483; x_wconf 86' lang='lat' dir='ltr'><strong>Con-</strong></span> 
     </span>
     <span class='ocr_line' id='line_1_3' title="bbox 315 510 2517 607; baseline 0.001 -23"><span class='ocrx_word' id='word_1_15' title='bbox 315 528 523 584; x_wconf 73' lang='lat' dir='ltr'><strong>struez</strong></span> <span class='ocrx_word' id='word_1_16' title='bbox 577 524 631 585; x_wconf 79' lang='grc' dir='ltr'><strong>εὶ</strong></span> <span class='ocrx_word' id='word_1_17' title='bbox 677 516 736 584; x_wconf 83' lang='grc' dir='ltr'><strong>δ’</strong></span> <span class='ocrx_word' id='word_1_18' title='bbox 775 521 915 586; x_wconf 71' lang='grc' dir='ltr'><strong>ἐστὶ</strong></span> <span class='ocrx_word' id='word_1_19' title='bbox 958 515 1243 585; x_wconf 84' lang='grc' dir='ltr'><em>δυνατὸν</em></span> <span class='ocrx_word' id='word_1_20' title='bbox 1286 514 1364 584; x_wconf 81' lang='grc' dir='ltr'><strong>τὸ</strong></span> <span class='ocrx_word' id='word_1_21' title='bbox 1422 525 1764 607; x_wconf 63' lang='grc' dir='ltr'><strong>ἀρημένον</strong></span> <span class='ocrx_word' id='word_1_22' title='bbox 1819 523 1973 598; x_wconf 89' lang='lat' dir='ltr'><strong>(int.</strong></span> <span class='ocrx_word' id='word_1_23' title='bbox 2019 522 2242 600; x_wconf 81' lang='grc' dir='ltr'><em>τοῦτο,</em></span> <span class='ocrx_word' id='word_1_24' title='bbox 2301 510 2355 604; x_wconf 72' lang='grc' dir='ltr'><em>ᾦ</em></span> <span class='ocrx_word' id='word_1_25' title='bbox 2397 513 2517 586; x_wconf 72' lang='grc' dir='ltr'><strong>ἐὰν</strong></span> 
     </span>
     <span class='ocr_line' id='line_1_4' title="bbox 312 618 2519 712; baseline -0 -23"><span class='ocrx_word' id='word_1_26' title='bbox 312 618 568 712; x_wconf 75' lang='grc' dir='ltr'><strong><em>ὑπάρξῃ</em></strong></span> <span class='ocrx_word' id='word_1_27' title='bbox 601 620 654 704; x_wconf 81' lang='grc' dir='ltr'><strong>’ἡ</strong></span> <span class='ocrx_word' id='word_1_28' title='bbox 699 627 1002 710; x_wconf 69' lang='grc' dir='ltr'><strong>ἐνέργεια,</strong></span> <span class='ocrx_word' id='word_1_29' title='bbox 1038 658 1124 671; x_wconf 91' lang='grc'><strong>-</strong></span> <span class='ocrx_word' id='word_1_30' title='bbox 1167 619 1377 689; x_wconf 75' lang='grc' dir='ltr'><em>οὐθὲν</em></span> <span class='ocrx_word' id='word_1_31' title='bbox 1419 625 1605 690; x_wconf 70' lang='grc' dir='ltr'><strong><em>ἔσται</em></strong></span> <span class='ocrx_word' id='word_1_32' title='bbox 1647 621 1996 703; x_wconf 79' lang='grc' dir='ltr'><em>ἀδύνατον,</em></span> <span class='ocrx_word' id='word_1_33' title='bbox 2039 627 2102 690; x_wconf 85' lang='grc'><strong>3.</strong></span> <span class='ocrx_word' id='word_1_34' title='bbox 2136 626 2346 693; x_wconf 62' lang='grc'><strong>10470</strong></span> <span class='ocrx_word' id='word_1_35' title='bbox 2371 625 2519 704; x_wconf 80' lang='lat'>24),</span> 
     </span>
     <span class='ocr_line' id='line_1_5' title="bbox 311 717 2519 817; baseline 0 -26"><span class='ocrx_word' id='word_1_36' title='bbox 311 717 354 817; x_wconf 82' lang='grc' dir='ltr'><strong><em>ᾗ</em></strong></span> <span class='ocrx_word' id='word_1_37' title='bbox 401 724 788 806; x_wconf 75' lang='grc' dir='ltr'><em>ἀκολουθεῖ,</em></span> <span class='ocrx_word' id='word_1_38' title='bbox 840 731 954 792; x_wconf 89' lang='lat' dir='ltr'><strong>int.</strong></span> <span class='ocrx_word' id='word_1_39' title='bbox 1011 724 1055 807; x_wconf 84' lang='grc' dir='ltr'><strong><em>ἡ</em></strong></span> <span class='ocrx_word' id='word_1_40' title='bbox 1100 729 1443 811; x_wconf 75' lang='grc' dir='ltr'><strong>ἐνέργεια,“</strong></span> <span class='ocrx_word' id='word_1_41' title='bbox 1473 727 1648 813; x_wconf 89' lang='lat' dir='ltr'><strong>quod</strong></span> <span class='ocrx_word' id='word_1_42' title='bbox 1703 748 1848 793; x_wconf 83' lang='lat' dir='ltr'><strong>voe.</strong></span> <span class='ocrx_word' id='word_1_43' title='bbox 1901 740 2246 817; x_wconf 83' lang='lat' dir='ltr'><strong>propterea</strong></span> <span class='ocrx_word' id='word_1_44' title='bbox 2299 737 2519 816; x_wconf 85' lang='lat' dir='ltr'><strong>potest</strong></span> 
     </span>
     <span class='ocr_line' id='line_1_6' title="bbox 314 824 2518 920; baseline -0.001 -22"><span class='ocrx_word' id='word_1_45' title='bbox 314 830 624 917; x_wconf 82' lang='lat' dir='ltr'><strong>suppleri,</strong></span> <span class='ocrx_word' id='word_1_46' title='bbox 685 834 829 916; x_wconf 87' lang='lat' dir='ltr'><strong>quia</strong></span> <span class='ocrx_word' id='word_1_47' title='bbox 873 852 992 917; x_wconf 88' lang='lat' dir='ltr'><strong>per</strong></span> <span class='ocrx_word' id='word_1_48' title='bbox 1032 824 1110 897; x_wconf 82' lang='grc' dir='ltr'><strong>τὸ</strong></span> <span class='ocrx_word' id='word_1_49' title='bbox 1156 835 1495 917; x_wconf 75' lang='grc' dir='ltr'><strong>εἰρημένον</strong></span> <span class='ocrx_word' id='word_1_50' title='bbox 1543 842 1640 897; x_wconf 85' lang='lat' dir='ltr'><strong>est</strong></span> <span class='ocrx_word' id='word_1_51' title='bbox 1686 832 2128 920; x_wconf 83' lang='lat' dir='ltr'><strong>significatum.</strong></span> <span class='ocrx_word' id='word_1_52' title='bbox 2177 869 2262 884; x_wconf 91' lang='lat'><strong>--</strong></span> <span class='ocrx_word' id='word_1_53' title='bbox 2302 834 2389 896; x_wconf 74' lang='lat'><strong>⁶5</strong></span> <span class='ocrx_word' id='word_1_54' title='bbox 2433 824 2518 897; x_wconf 72' lang='grc' dir='ltr'><strong>τὰ</strong></span> 
     </span>
     <span class='ocr_line' id='line_1_7' title="bbox 314 929 2519 1023; baseline 0.001 -25"><span class='ocrx_word' id='word_1_55' title='bbox 314 930 613 1000; x_wconf 82' lang='grc' dir='ltr'><em>ἀδύνατα</em></span> <span class='ocrx_word' id='word_1_56' title='bbox 657 929 840 1000; x_wconf 82' lang='grc' dir='ltr'><strong>εἶναι.</strong></span> <span class='ocrx_word' id='word_1_57' title='bbox 930 933 1290 1000; x_wconf 84' lang='lat' dir='ltr'><strong>Infinitivus</strong></span> <span class='ocrx_word' id='word_1_58' title='bbox 1336 931 1502 1000; x_wconf 82' lang='grc' dir='ltr'><strong><em>εἶναι</em></strong></span> <span class='ocrx_word' id='word_1_59' title='bbox 1545 957 1891 1023; x_wconf 85' lang='lat' dir='ltr'><strong>suspensus</strong></span> <span class='ocrx_word' id='word_1_60' title='bbox 1935 948 2034 1004; x_wconf 89' lang='lat' dir='ltr'><strong>est</strong></span> <span class='ocrx_word' id='word_1_61' title='bbox 2076 937 2157 1002; x_wconf 84' lang='lat' dir='ltr'><strong>ab</strong></span> <span class='ocrx_word' id='word_1_62' title='bbox 2201 931 2519 1012; x_wconf 80' lang='grc' dir='ltr'><em>ἀδύνατα,</em></span> 
     </span>
     <span class='ocr_line' id='line_1_8' title="bbox 314 1033 2519 1126; baseline 0 -23"><span class='ocrx_word' id='word_1_63' title='bbox 314 1061 392 1103; x_wconf 86' lang='lat' dir='ltr'><strong>ae</strong></span> <span class='ocrx_word' id='word_1_64' title='bbox 438 1037 706 1126; x_wconf 84' lang='lat' dir='ltr'>perinde</span> <span class='ocrx_word' id='word_1_65' title='bbox 750 1037 985 1103; x_wconf 85' lang='lat' dir='ltr'><strong>dictum</strong></span> <span class='ocrx_word' id='word_1_66' title='bbox 1032 1048 1131 1103; x_wconf 91' lang='lat' dir='ltr'><strong>est</strong></span> <span class='ocrx_word' id='word_1_67' title='bbox 1170 1039 1259 1103; x_wconf 73' lang='lat'><strong>118</strong></span> <span class='ocrx_word' id='word_1_68' title='bbox 1302 1033 1638 1105; x_wconf 77' lang='grc' dir='ltr'><em>ἀδύνατον</em></span> <span class='ocrx_word' id='word_1_69' title='bbox 1681 1037 1878 1119; x_wconf 77' lang='grc' dir='ltr'><strong><em>εἶναι,</em></strong></span> <span class='ocrx_word' id='word_1_70' title='bbox 1935 1036 2220 1107; x_wconf 80' lang='grc' dir='ltr'><em>δυνατὸν</em></span> <span class='ocrx_word' id='word_1_71' title='bbox 2263 1035 2432 1106; x_wconf 79' lang='grc' dir='ltr'><strong><em>εἶναι</em></strong></span> <span class='ocrx_word' id='word_1_72' title='bbox 2476 1033 2519 1119; x_wconf 79' lang='grc' dir='ltr'><strong><em>ἢ</em></strong></span> 
     </span>
     <span class='ocr_line' id='line_1_9' title="bbox 311 1140 2519 1234; baseline 0 -26"><span class='ocrx_word' id='word_1_73' title='bbox 311 1145 651 1227; x_wconf 79' lang='grc' dir='ltr'><strong>γενέσθαι.</strong></span> <span class='ocrx_word' id='word_1_74' title='bbox 698 1141 776 1206; x_wconf 80' lang='lat' dir='ltr'><strong>cf.</strong></span> <span class='ocrx_word' id='word_1_75' title='bbox 809 1143 1037 1206; x_wconf 88' lang='lat' dir='ltr'><strong>Waitz</strong></span> <span class='ocrx_word' id='word_1_76' title='bbox 1066 1142 1227 1231; x_wconf 80' lang='lat' dir='ltr'><strong>Org.</strong></span> <span class='ocrx_word' id='word_1_77' title='bbox 1258 1144 1382 1207; x_wconf 68' lang='lat'><strong>22⁶</strong></span> <span class='ocrx_word' id='word_1_78' title='bbox 1409 1143 1513 1207; x_wconf 85' lang='grc'><strong>14.</strong></span> <span class='ocrx_word' id='word_1_79' title='bbox 1589 1143 1686 1207; x_wconf 81' lang='lat' dir='ltr'><strong>Ac</strong></span> <span class='ocrx_word' id='word_1_80' title='bbox 1729 1140 2068 1234; x_wconf 77' lang='grc' dir='ltr'><em>διαφεύγει</em></span> <span class='ocrx_word' id='word_1_81' title='bbox 2107 1146 2230 1210; x_wconf 85' lang='lat' dir='ltr'><strong>hae</strong></span> <span class='ocrx_word' id='word_1_82' title='bbox 2268 1147 2519 1210; x_wconf 85' lang='lat' dir='ltr'><strong>ratione</strong></span> 
     </span>
     <span class='ocr_line' id='line_1_10' title="bbox 312 1239 2519 1331; baseline 0.001 -20"><span class='ocrx_word' id='word_1_83' title='bbox 312 1239 398 1311; x_wconf 75' lang='grc' dir='ltr'><strong>τοὶ</strong></span> <span class='ocrx_word' id='word_1_84' title='bbox 442 1242 741 1312; x_wconf 81' lang='grc' dir='ltr'><em>ἀδύνατα</em></span> <span class='ocrx_word' id='word_1_85' title='bbox 786 1239 968 1325; x_wconf 81' lang='grc' dir='ltr'><strong><em>εἶναι,</em></strong></span> <span class='ocrx_word' id='word_1_86' title='bbox 1014 1250 1310 1331; x_wconf 88' lang='lat' dir='ltr'><strong>quoniam</strong></span> <span class='ocrx_word' id='word_1_87' title='bbox 1357 1267 1519 1331; x_wconf 88' lang='lat' dir='ltr'><strong>quae</strong></span> <span class='ocrx_word' id='word_1_88' title='bbox 1565 1267 1635 1311; x_wconf 89' lang='lat' dir='ltr'><strong>re</strong></span> <span class='ocrx_word' id='word_1_89' title='bbox 1680 1269 1829 1313; x_wconf 83' lang='lat' dir='ltr'><strong>vera</strong></span> <span class='ocrx_word' id='word_1_90' title='bbox 1876 1244 2175 1314; x_wconf 76' lang='grc' dir='ltr'><em>ἀδύνατα</em></span> <span class='ocrx_word' id='word_1_91' title='bbox 2220 1259 2397 1328; x_wconf 90' lang='lat' dir='ltr'><strong>sunt,</strong></span> <span class='ocrx_word' id='word_1_92' title='bbox 2442 1267 2519 1313; x_wconf 82' lang='lat' dir='ltr'><strong>ea</strong></span> 
     </span>
    </p>
   </div>
   <div class='ocr_carea' id='block_1_3' title="bbox 198 1342 2521 1436">
    <p class='ocr_par' dir='ltr' id='par_1_3' title="bbox 198 1342 2521 1436">
     <span class='ocr_line' id='line_1_11' title="bbox 198 1342 2521 1436; baseline 0.001 -21"><span class='ocrx_word' id='word_1_93' title='bbox 198 1391 211 1402; x_wconf 91' lang='lat'><strong>·</strong></span> <span class='ocrx_word' id='word_1_94' title='bbox 312 1350 397 1415; x_wconf 87' lang='lat' dir='ltr'><strong>ad</strong></span> <span class='ocrx_word' id='word_1_95' title='bbox 440 1344 527 1415; x_wconf 76' lang='grc' dir='ltr'><strong>τὰ</strong></span> <span class='ocrx_word' id='word_1_96' title='bbox 573 1345 824 1415; x_wconf 80' lang='grc' dir='ltr'><em>δυνατά</em></span> <span class='ocrx_word' id='word_1_97' title='bbox 864 1350 1168 1416; x_wconf 81' lang='lat' dir='ltr'><strong>referunt.</strong></span> <span class='ocrx_word' id='word_1_98' title='bbox 1219 1388 1300 1403; x_wconf 89' lang='lat'>—</span> <span class='ocrx_word' id='word_1_99' title='bbox 1339 1351 1421 1415; x_wconf 74' lang='lat' dir='ltr'><strong>b7</strong></span> <span class='ocrx_word' id='word_1_100' title='bbox 1468 1342 1562 1434; x_wconf 79' lang='grc' dir='ltr'><strong>μὴ</strong></span> <span class='ocrx_word' id='word_1_101' title='bbox 1607 1346 2025 1436; x_wconf 77' lang='grc' dir='ltr'><em>λογιζόμενος</em></span> <span class='ocrx_word' id='word_1_102' title='bbox 2065 1346 2144 1419; x_wconf 80' lang='grc' dir='ltr'><strong>τὸ</strong></span> <span class='ocrx_word' id='word_1_103' title='bbox 2188 1348 2521 1419; x_wconf 74' lang='grc' dir='ltr'><em>ἀδύνατον</em></span> 
     </span>
    </p>
   </div>
   <div class='ocr_carea' id='block_1_4' title="bbox 288 1451 2524 4561">
    <p class='ocr_par' dir='ltr' id='par_1_4' title="bbox 306 1451 2521 3310">
     <span class='ocr_line' id='line_1_12' title="bbox 313 1451 2520 1542; baseline 0 -22"><span class='ocrx_word' id='word_1_104' title='bbox 313 1451 498 1521; x_wconf 79' lang='grc' dir='ltr'><strong>εἶναι.</strong></span> <span class='ocrx_word' id='word_1_105' title='bbox 572 1452 830 1520; x_wconf 78' lang='lat' dir='ltr'><strong>Plenius</strong></span> <span class='ocrx_word' id='word_1_106' title='bbox 868 1465 933 1518; x_wconf 89' lang='lat' dir='ltr'><strong>et</strong></span> <span class='ocrx_word' id='word_1_107' title='bbox 966 1456 1169 1542; x_wconf 84' lang='lat' dir='ltr'><strong>magis</strong></span> <span class='ocrx_word' id='word_1_108' title='bbox 1203 1456 1548 1541; x_wconf 79' lang='lat' dir='ltr'><strong>perspicue</strong></span> <span class='ocrx_word' id='word_1_109' title='bbox 1578 1453 1690 1519; x_wconf 87' lang='lat' dir='ltr'><strong>Ar.</strong></span> <span class='ocrx_word' id='word_1_110' title='bbox 1721 1452 2100 1524; x_wconf 74' lang='lat' dir='ltr'><strong>addidisset:</strong></span> <span class='ocrx_word' id='word_1_111' title='bbox 2141 1456 2207 1521; x_wconf 81' lang='grc' dir='ltr'><strong>τί</strong></span> <span class='ocrx_word' id='word_1_112' title='bbox 2247 1460 2402 1533; x_wconf 74' lang='grc' dir='ltr'><strong><em>ἐστι,</em></strong></span> <span class='ocrx_word' id='word_1_113' title='bbox 2446 1465 2520 1533; x_wconf 79' lang='lat' dir='ltr'><strong>ut</strong></span> 
     </span>
     <span class='ocr_line' id='line_1_13' title="bbox 309 1552 2519 1645; baseline 0 -21"><span class='ocrx_word' id='word_1_114' title='bbox 309 1569 485 1625; x_wconf 83' lang='lat' dir='ltr'><strong>reete</strong></span> <span class='ocrx_word' id='word_1_115' title='bbox 528 1560 982 1644; x_wconf 79' lang='lat' dir='ltr'><strong>interpretatur</strong></span> <span class='ocrx_word' id='word_1_116' title='bbox 1025 1556 1202 1622; x_wconf 80' lang='lat' dir='ltr'><strong>Alex.</strong></span> <span class='ocrx_word' id='word_1_117' title='bbox 1249 1580 1309 1643; x_wconf 89' lang='lat' dir='ltr'><strong>p.</strong></span> <span class='ocrx_word' id='word_1_118' title='bbox 1344 1557 1492 1635; x_wconf 79' lang='lat'><strong>544,</strong></span> <span class='ocrx_word' id='word_1_119' title='bbox 1539 1558 1607 1621; x_wconf 83' lang='lat'><strong>7:</strong></span> <span class='ocrx_word' id='word_1_120' title='bbox 1667 1553 1705 1622; x_wconf 90' lang='grc' dir='ltr'>ὁ</span> <span class='ocrx_word' id='word_1_121' title='bbox 1748 1552 1844 1642; x_wconf 78' lang='grc' dir='ltr'><strong>μὴ</strong></span> <span class='ocrx_word' id='word_1_122' title='bbox 1886 1555 2305 1645; x_wconf 81' lang='grc' dir='ltr'><em>λογιζόμενος</em></span> <span class='ocrx_word' id='word_1_123' title='bbox 2351 1559 2519 1643; x_wconf 67' lang='grc' dir='ltr'><em>μηδὲ</em></span> 
     </span>
     <span class='ocr_line' id='line_1_14' title="bbox 310 1656 2521 1753; baseline -0 -24"><span class='ocrx_word' id='word_1_124' title='bbox 310 1665 485 1729; x_wconf 77' lang='grc' dir='ltr'><em>νοῶν</em></span> <span class='ocrx_word' id='word_1_125' title='bbox 526 1656 605 1728; x_wconf 79' lang='grc' dir='ltr'><strong>τὸ</strong></span> <span class='ocrx_word' id='word_1_126' title='bbox 650 1657 984 1728; x_wconf 80' lang='grc' dir='ltr'><em>ἀδύνατον</em></span> <span class='ocrx_word' id='word_1_127' title='bbox 1026 1663 1091 1727; x_wconf 83' lang='grc' dir='ltr'><strong>τί</strong></span> <span class='ocrx_word' id='word_1_128' title='bbox 1133 1665 1293 1727; x_wconf 75' lang='grc' dir='ltr'><em>ποτέ</em></span> <span class='ocrx_word' id='word_1_129' title='bbox 1336 1666 1502 1739; x_wconf 72' lang='grc' dir='ltr'><strong><em>ἐστι,</em></strong></span> <span class='ocrx_word' id='word_1_130' title='bbox 1559 1661 1674 1726; x_wconf 79' lang='grc' dir='ltr'><strong>καὶ</strong></span> <span class='ocrx_word' id='word_1_131' title='bbox 1719 1656 1841 1742; x_wconf 83' lang='grc' dir='ltr'><strong>τὴν</strong></span> <span class='ocrx_word' id='word_1_132' title='bbox 1885 1656 2222 1753; x_wconf 74' lang='grc' dir='ltr'><strong>διαφορὰν</strong></span> <span class='ocrx_word' id='word_1_133' title='bbox 2263 1656 2350 1743; x_wconf 78' lang='grc' dir='ltr'><strong>ἢν</strong></span> <span class='ocrx_word' id='word_1_134' title='bbox 2393 1664 2521 1748; x_wconf 73' lang='grc' dir='ltr'><strong><em>ἔχει</em></strong></span> 
     </span>
     <span class='ocr_line' id='line_1_15' title="bbox 307 1761 2516 1854; baseline -0.001 -22"><span class='ocrx_word' id='word_1_135' title='bbox 307 1762 476 1854; x_wconf 77' lang='grc' dir='ltr'><strong><em>πρὸς</em></strong></span> <span class='ocrx_word' id='word_1_136' title='bbox 509 1761 586 1832; x_wconf 81' lang='grc' dir='ltr'><strong>τὸ</strong></span> <span class='ocrx_word' id='word_1_137' title='bbox 623 1763 924 1832; x_wconf 80' lang='grc' dir='ltr'><strong>δυνατόν.</strong></span> <span class='ocrx_word' id='word_1_138' title='bbox 985 1764 1337 1831; x_wconf 85' lang='lat' dir='ltr'><strong>Articulum</strong></span> <span class='ocrx_word' id='word_1_139' title='bbox 1374 1773 1584 1830; x_wconf 85' lang='lat' dir='ltr'><strong>autem</strong></span> <span class='ocrx_word' id='word_1_140' title='bbox 1620 1774 1768 1830; x_wconf 90' lang='lat' dir='ltr'><strong>ante</strong></span> <span class='ocrx_word' id='word_1_141' title='bbox 1800 1761 1913 1852; x_wconf 85' lang='grc' dir='ltr'><strong>μή,</strong></span> <span class='ocrx_word' id='word_1_142' title='bbox 1947 1788 2319 1854; x_wconf 89' lang='lat' dir='ltr'><strong>quamquam</strong></span> <span class='ocrx_word' id='word_1_143' title='bbox 2352 1767 2516 1831; x_wconf 89' lang='lat' dir='ltr'><strong>tueri</strong></span> 
     </span>
     <span class='ocr_line' id='line_1_16' title="bbox 310 1868 2518 1957; baseline -0 -22"><span class='ocrx_word' id='word_1_144' title='bbox 310 1871 566 1937; x_wconf 83' lang='lat' dir='ltr'><strong>videtur</strong></span> <span class='ocrx_word' id='word_1_145' title='bbox 595 1869 974 1950; x_wconf 81' lang='lat' dir='ltr'><strong>Alexander,</strong></span> <span class='ocrx_word' id='word_1_146' title='bbox 1018 1868 1433 1935; x_wconf 89' lang='lat' dir='ltr'><strong>omittendum</strong></span> <span class='ocrx_word' id='word_1_147' title='bbox 1478 1873 1695 1957; x_wconf 86' lang='lat' dir='ltr'><strong>putavi</strong></span> <span class='ocrx_word' id='word_1_148' title='bbox 1735 1893 1875 1935; x_wconf 89' lang='lat' dir='ltr'><strong>cum</strong></span> <span class='ocrx_word' id='word_1_149' title='bbox 1914 1870 2058 1936; x_wconf 85' lang='lat' dir='ltr'><strong>eod.</strong></span> <span class='ocrx_word' id='word_1_150' title='bbox 2098 1869 2180 1953; x_wconf 81' lang='lat' dir='ltr'><strong>T,</strong></span> <span class='ocrx_word' id='word_1_151' title='bbox 2226 1873 2371 1957; x_wconf 89' lang='lat' dir='ltr'><strong>quia</strong></span> <span class='ocrx_word' id='word_1_152' title='bbox 2399 1892 2518 1956; x_wconf 85' lang='lat' dir='ltr'><strong>per</strong></span> 
     </span>
     <span class='ocr_line' id='line_1_17' title="bbox 308 1968 2519 2063; baseline -0 -23"><span class='ocrx_word' id='word_1_153' title='bbox 308 1977 437 2041; x_wconf 84' lang='lat' dir='ltr'><strong>hoc</strong></span> <span class='ocrx_word' id='word_1_154' title='bbox 481 1976 704 2062; x_wconf 85' lang='lat' dir='ltr'><strong>partic.</strong></span> <span class='ocrx_word' id='word_1_155' title='bbox 750 1977 917 2040; x_wconf 84' lang='lat' dir='ltr'><strong>ratio</strong></span> <span class='ocrx_word' id='word_1_156' title='bbox 959 1974 1224 2040; x_wconf 79' lang='lat' dir='ltr'><strong>affertur</strong></span> <span class='ocrx_word' id='word_1_157' title='bbox 1258 1996 1371 2039; x_wconf 88' lang='lat' dir='ltr'><strong>cur</strong></span> <span class='ocrx_word' id='word_1_158' title='bbox 1409 1978 1549 2059; x_wconf 88' lang='lat' dir='ltr'><strong>quis</strong></span> <span class='ocrx_word' id='word_1_159' title='bbox 1588 1974 1993 2063; x_wconf 78' lang='lat' dir='ltr'><strong>diagonalem</strong></span> <span class='ocrx_word' id='word_1_160' title='bbox 2030 1974 2201 2039; x_wconf 84' lang='lat' dir='ltr'><strong>dicat</strong></span> <span class='ocrx_word' id='word_1_161' title='bbox 2235 1968 2519 2040; x_wconf 81' lang='grc' dir='ltr'><em>δυνατὸν</em></span> 
     </span>
     <span class='ocr_line' id='line_1_18' title="bbox 307 2072 2517 2167; baseline -0.001 -22"><span class='ocrx_word' id='word_1_162' title='bbox 307 2082 722 2167; x_wconf 71' lang='grc' dir='ltr'><strong><em>μετρεῖσθαι.</em></strong></span> <span class='ocrx_word' id='word_1_163' title='bbox 793 2078 1097 2145; x_wconf 89' lang='lat' dir='ltr'><strong>Ceterum</strong></span> <span class='ocrx_word' id='word_1_164' title='bbox 1128 2080 1289 2144; x_wconf 84' lang='lat' dir='ltr'><strong>haee</strong></span> <span class='ocrx_word' id='word_1_165' title='bbox 1314 2078 1537 2144; x_wconf 85' lang='lat' dir='ltr'><strong>verba:</strong></span> <span class='ocrx_word' id='word_1_166' title='bbox 1569 2072 1663 2163; x_wconf 84' lang='grc' dir='ltr'><strong>μὴ</strong></span> <span class='ocrx_word' id='word_1_167' title='bbox 1697 2080 1838 2163; x_wconf 84' lang='grc' dir='ltr'><strong>λογ.</strong></span> <span class='ocrx_word' id='word_1_168' title='bbox 1877 2072 1954 2144; x_wconf 84' lang='grc' dir='ltr'><strong>τὸ</strong></span> <span class='ocrx_word' id='word_1_169' title='bbox 1993 2076 2099 2144; x_wconf 81' lang='grc' dir='ltr'><strong>ἀὸ.</strong></span> <span class='ocrx_word' id='word_1_170' title='bbox 2139 2073 2305 2145; x_wconf 81' lang='grc' dir='ltr'><strong><em>εἶναι</em></strong></span> <span class='ocrx_word' id='word_1_171' title='bbox 2338 2079 2517 2164; x_wconf 83' lang='lat' dir='ltr'><strong>quasi</strong></span> 
     </span>
     <span class='ocr_line' id='line_1_19' title="bbox 306 2176 2518 2283; baseline -0.001 -34"><span class='ocrx_word' id='word_1_172' title='bbox 306 2187 376 2249; x_wconf 90' lang='lat' dir='ltr'><strong>in</strong></span> <span class='ocrx_word' id='word_1_173' title='bbox 420 2183 785 2269; x_wconf 82' lang='lat' dir='ltr'><strong>parenthesi</strong></span> <span class='ocrx_word' id='word_1_174' title='bbox 830 2182 1162 2270; x_wconf 88' lang='lat' dir='ltr'><strong>ponenda,</strong></span> <span class='ocrx_word' id='word_1_175' title='bbox 1214 2193 1280 2248; x_wconf 89' lang='lat' dir='ltr'><strong>et</strong></span> <span class='ocrx_word' id='word_1_176' title='bbox 1321 2184 1633 2270; x_wconf 80' lang='lat' dir='ltr'><strong>proxima:</strong></span> <span class='ocrx_word' id='word_1_177' title='bbox 1694 2177 1800 2248; x_wconf 84' lang='grc' dir='ltr'><strong>ὅτι</strong></span> <span class='ocrx_word' id='word_1_178' title='bbox 1822 2178 2054 2283; x_wconf 49' lang='grc' dir='ltr'><em>,οὐθὲν</em></span> <span class='ocrx_word' id='word_1_179' title='bbox 2094 2176 2322 2248; x_wconf 78' lang='grc' dir='ltr'><strong><em>κωλύει</em></strong></span> <span class='ocrx_word' id='word_1_180' title='bbox 2368 2203 2518 2247; x_wconf 85' lang='lat' dir='ltr'><strong>con-</strong></span> 
     </span>
     <span class='ocr_line' id='line_1_20' title="bbox 307 2286 2518 2376; baseline -0.001 -24"><span class='ocrx_word' id='word_1_181' title='bbox 307 2287 635 2376; x_wconf 81' lang='lat' dir='ltr'><strong>iungenda</strong></span> <span class='ocrx_word' id='word_1_182' title='bbox 680 2310 820 2352; x_wconf 82' lang='lat' dir='ltr'><strong>cnm</strong></span> <span class='ocrx_word' id='word_1_183' title='bbox 865 2288 1329 2373; x_wconf 87' lang='lat' dir='ltr'><strong>superioribus:</strong></span> <span class='ocrx_word' id='word_1_184' title='bbox 1384 2289 1442 2352; x_wconf 89' lang='lat' dir='ltr'><strong>si</strong></span> <span class='ocrx_word' id='word_1_185' title='bbox 1486 2289 1624 2372; x_wconf 87' lang='lat' dir='ltr'><strong>quis</strong></span> <span class='ocrx_word' id='word_1_186' title='bbox 1670 2296 2014 2374; x_wconf 87' lang='lat' dir='ltr'><strong>propterea</strong></span> <span class='ocrx_word' id='word_1_187' title='bbox 2059 2287 2180 2353; x_wconf 87' lang='lat' dir='ltr'><strong>sibi</strong></span> <span class='ocrx_word' id='word_1_188' title='bbox 2225 2286 2518 2351; x_wconf 84' lang='lat' dir='ltr'><strong>videatur</strong></span> 
     </span>
     <span class='ocr_line' id='line_1_21' title="bbox 306 2390 2518 2480; baseline -0.001 -22"><span class='ocrx_word' id='word_1_189' title='bbox 306 2415 462 2458; x_wconf 86' lang='lat' dir='ltr'><strong>vere</strong></span> <span class='ocrx_word' id='word_1_190' title='bbox 507 2392 750 2473; x_wconf 77' lang='lat' dir='ltr'><strong>dicere,</strong></span> <span class='ocrx_word' id='word_1_191' title='bbox 795 2390 1197 2480; x_wconf 83' lang='lat' dir='ltr'><strong>diagonalem</strong></span> <span class='ocrx_word' id='word_1_192' title='bbox 1246 2413 1387 2458; x_wconf 89' lang='lat' dir='ltr'><strong>esse</strong></span> <span class='ocrx_word' id='word_1_193' title='bbox 1431 2390 1804 2476; x_wconf 83' lang='lat' dir='ltr'><strong>possibilem</strong></span> <span class='ocrx_word' id='word_1_194' title='bbox 1848 2393 2217 2469; x_wconf 86' lang='lat' dir='ltr'><strong>mensurari,</strong></span> <span class='ocrx_word' id='word_1_195' title='bbox 2263 2412 2385 2456; x_wconf 85' lang='lat' dir='ltr'><strong>nec</strong></span> <span class='ocrx_word' id='word_1_196' title='bbox 2427 2399 2518 2454; x_wconf 80' lang='lat' dir='ltr'><strong>ta-</strong></span> 
     </span>
     <span class='ocr_line' id='line_1_22' title="bbox 308 2494 2519 2584; baseline -0.003 -20"><span class='ocrx_word' id='word_1_197' title='bbox 308 2521 455 2565; x_wconf 85' lang='lat' dir='ltr'><strong>men</strong></span> <span class='ocrx_word' id='word_1_198' title='bbox 498 2507 925 2565; x_wconf 86' lang='lat' dir='ltr'><strong>mensuratum</strong></span> <span class='ocrx_word' id='word_1_199' title='bbox 969 2500 1066 2575; x_wconf 88' lang='lat' dir='ltr'><strong>iri,</strong></span> <span class='ocrx_word' id='word_1_200' title='bbox 1110 2499 1255 2582; x_wconf 89' lang='lat' dir='ltr'><strong>quia</strong></span> <span class='ocrx_word' id='word_1_201' title='bbox 1301 2498 1588 2561; x_wconf 85' lang='lat' dir='ltr'><strong>nimirum</strong></span> <span class='ocrx_word' id='word_1_202' title='bbox 1633 2494 1792 2560; x_wconf 89' lang='lat' dir='ltr'><strong>nibil</strong></span> <span class='ocrx_word' id='word_1_203' title='bbox 1835 2495 2140 2584; x_wconf 87' lang='lat' dir='ltr'><strong>impediat</strong></span> <span class='ocrx_word' id='word_1_204' title='bbox 2185 2504 2303 2560; x_wconf 87' lang='lat' dir='ltr'><strong>etc.</strong></span> <span class='ocrx_word' id='word_1_205' title='bbox 2372 2497 2519 2559; x_wconf 79' lang='lat' dir='ltr'><strong>Par-</strong></span> 
     </span>
     <span class='ocr_line' id='line_1_23' title="bbox 308 2601 2518 2686; baseline -0.003 -17"><span class='ocrx_word' id='word_1_206' title='bbox 308 2602 565 2669; x_wconf 81' lang='lat' dir='ltr'><strong>ticulam</strong></span> <span class='ocrx_word' id='word_1_207' title='bbox 616 2606 827 2667; x_wconf 70' lang='lat' dir='ltr'><strong>antem</strong></span> <span class='ocrx_word' id='word_1_208' title='bbox 874 2601 943 2665; x_wconf 77' lang='grc' dir='ltr'><strong>δέ</strong></span> <span class='ocrx_word' id='word_1_209' title='bbox 984 2602 1100 2679; x_wconf 72' lang='lat'><strong>128,</strong></span> <span class='ocrx_word' id='word_1_210' title='bbox 1157 2610 1228 2665; x_wconf 90' lang='lat' dir='ltr'><strong>ut</strong></span> <span class='ocrx_word' id='word_1_211' title='bbox 1284 2602 1493 2686; x_wconf 85' lang='lat' dir='ltr'><strong>possit</strong></span> <span class='ocrx_word' id='word_1_212' title='bbox 1549 2601 1708 2664; x_wconf 82' lang='lat' dir='ltr'><strong>haec</strong></span> <span class='ocrx_word' id='word_1_213' title='bbox 1766 2602 2081 2665; x_wconf 83' lang='lat' dir='ltr'><strong>enunciati</strong></span> <span class='ocrx_word' id='word_1_214' title='bbox 2141 2619 2287 2685; x_wconf 81' lang='lat' dir='ltr'><strong>pars</strong></span> <span class='ocrx_word' id='word_1_215' title='bbox 2341 2608 2518 2663; x_wconf 87' lang='lat' dir='ltr'><strong>recte</strong></span> 
     </span>
     <span class='ocr_line' id='line_1_24' title="bbox 309 2697 2515 2789; baseline -0.003 -17"><span class='ocrx_word' id='word_1_216' title='bbox 309 2708 594 2772; x_wconf 81' lang='lat' dir='ltr'><strong>construi</strong></span> <span class='ocrx_word' id='word_1_217' title='bbox 641 2700 964 2784; x_wconf 81' lang='grc' dir='ltr'><em>(δυνατόν</em></span> <span class='ocrx_word' id='word_1_218' title='bbox 1006 2727 1073 2769; x_wconf 85' lang='grc' dir='ltr'><strong>τι</strong></span> <span class='ocrx_word' id='word_1_219' title='bbox 1118 2697 1196 2768; x_wconf 84' lang='grc' dir='ltr'><strong>ὅν</strong></span> <span class='ocrx_word' id='word_1_220' title='bbox 1243 2741 1324 2754; x_wconf 94' lang='lat'><em>-</em></span> <span class='ocrx_word' id='word_1_221' title='bbox 1372 2706 1413 2767; x_wconf 91' lang='lat' dir='ltr'><strong>i.</strong></span> <span class='ocrx_word' id='word_1_222' title='bbox 1448 2725 1502 2768; x_wconf 90' lang='lat' dir='ltr'><strong>e.</strong></span> <span class='ocrx_word' id='word_1_223' title='bbox 1552 2725 1921 2789; x_wconf 86' lang='lat' dir='ltr'><strong>quamquam</strong></span> <span class='ocrx_word' id='word_1_224' title='bbox 1970 2712 2067 2768; x_wconf 88' lang='lat' dir='ltr'><strong>est</strong></span> <span class='ocrx_word' id='word_1_225' title='bbox 2110 2697 2393 2767; x_wconf 83' lang='grc' dir='ltr'><em>δυνατόν</em></span> <span class='ocrx_word' id='word_1_226' title='bbox 2436 2740 2515 2753; x_wconf 89' lang='lat'><strong>—-</strong></span> 
     </span>
     <span class='ocr_line' id='line_1_25' title="bbox 308 2802 2518 2893; baseline -0.004 -16"><span class='ocrx_word' id='word_1_227' title='bbox 308 2809 479 2878; x_wconf 83' lang='grc' dir='ltr'><strong><em>εἶναι</em></strong></span> <span class='ocrx_word' id='word_1_228' title='bbox 511 2805 553 2890; x_wconf 88' lang='grc' dir='ltr'><em>ἢ</em></span> <span class='ocrx_word' id='word_1_229' title='bbox 593 2810 913 2893; x_wconf 78' lang='grc' dir='ltr'><strong>γενέσθαι</strong></span> <span class='ocrx_word' id='word_1_230' title='bbox 949 2802 1042 2891; x_wconf 85' lang='grc' dir='ltr'><strong>μὴ</strong></span> <span class='ocrx_word' id='word_1_231' title='bbox 1080 2805 1246 2873; x_wconf 79' lang='grc' dir='ltr'><strong><em>εἶναι</em></strong></span> <span class='ocrx_word' id='word_1_232' title='bbox 1280 2804 1435 2891; x_wconf 83' lang='grc' dir='ltr'><strong><em>μηδ’</em></strong></span> <span class='ocrx_word' id='word_1_233' title='bbox 1470 2809 1751 2874; x_wconf 74' lang='grc' dir='ltr'><strong><em>ἔσεσθαι</em></strong></span> <span class='ocrx_word' id='word_1_234' title='bbox 1764 2812 1809 2887; x_wconf 88' lang='grc'><strong>),</strong></span> <span class='ocrx_word' id='word_1_235' title='bbox 1854 2809 2039 2873; x_wconf 89' lang='lat' dir='ltr'><strong>omisi</strong></span> <span class='ocrx_word' id='word_1_236' title='bbox 2075 2826 2216 2870; x_wconf 86' lang='lat' dir='ltr'><strong>eum</strong></span> <span class='ocrx_word' id='word_1_237' title='bbox 2253 2803 2396 2870; x_wconf 87' lang='lat' dir='ltr'><strong>cod.</strong></span> <span class='ocrx_word' id='word_1_238' title='bbox 2427 2805 2518 2869; x_wconf 72' lang='lat' dir='ltr'><strong>Ab</strong></span> 
     </span>
     <span class='ocr_line' id='line_1_26' title="bbox 310 2904 2519 2998; baseline -0.004 -17"><span class='ocrx_word' id='word_1_239' title='bbox 310 2926 377 2981; x_wconf 88' lang='lat' dir='ltr'><strong>et</strong></span> <span class='ocrx_word' id='word_1_240' title='bbox 422 2913 601 2980; x_wconf 83' lang='lat' dir='ltr'><strong>Alex.</strong></span> <span class='ocrx_word' id='word_1_241' title='bbox 650 2937 711 2998; x_wconf 88' lang='lat' dir='ltr'><strong>p.</strong></span> <span class='ocrx_word' id='word_1_242' title='bbox 744 2914 893 2991; x_wconf 81' lang='grc'><strong>544,</strong></span> <span class='ocrx_word' id='word_1_243' title='bbox 937 2915 1000 2977; x_wconf 89' lang='grc'><strong>9.</strong></span> <span class='ocrx_word' id='word_1_244' title='bbox 1048 2949 1129 2964; x_wconf 90' lang='grc'>-</span> <span class='ocrx_word' id='word_1_245' title='bbox 1181 2914 1313 2976; x_wconf 74' lang='grc' dir='ltr'><strong>ὸ12</strong></span> <span class='ocrx_word' id='word_1_246' title='bbox 1358 2905 1434 2977; x_wconf 79' lang='grc' dir='ltr'><strong>τὸ</strong></span> <span class='ocrx_word' id='word_1_247' title='bbox 1477 2913 1875 2998; x_wconf 74' lang='grc' dir='ltr'><strong><em>μετρεῖσθαι</em></strong></span> <span class='ocrx_word' id='word_1_248' title='bbox 1932 2914 2083 2993; x_wconf 90' lang='lat' dir='ltr'><strong>(int.</strong></span> <span class='ocrx_word' id='word_1_249' title='bbox 2127 2904 2251 2991; x_wconf 83' lang='grc' dir='ltr'><strong>τὴν</strong></span> <span class='ocrx_word' id='word_1_250' title='bbox 2294 2904 2519 2993; x_wconf 78' lang='grc' dir='ltr'><strong><em>διάμε-</em></strong></span> 
     </span>
     <span class='ocr_line' id='line_1_27' title="bbox 307 3013 2518 3106; baseline -0.004 -21"><span class='ocrx_word' id='word_1_251' title='bbox 307 3023 508 3106; x_wconf 86' lang='grc' dir='ltr'><em>τρον)</em></span> <span class='ocrx_word' id='word_1_252' title='bbox 548 3013 895 3094; x_wconf 80' lang='grc' dir='ltr'><em>ἀδύνατον,</em></span> <span class='ocrx_word' id='word_1_253' title='bbox 931 3015 1011 3080; x_wconf 85' lang='lat' dir='ltr'><strong>cf.</strong></span> <span class='ocrx_word' id='word_1_254' title='bbox 1050 3014 1130 3080; x_wconf 93' lang='lat' dir='ltr'><strong>de</strong></span> <span class='ocrx_word' id='word_1_255' title='bbox 1162 3017 1488 3101; x_wconf 78' lang='grc' dir='ltr'><strong><em>διαμέτρῳ</em></strong></span> <span class='ocrx_word' id='word_1_256' title='bbox 1519 3013 1910 3102; x_wconf 76' lang='grc' dir='ltr'><strong><em>ἁσυμμέτρῳ</em></strong></span> <span class='ocrx_word' id='word_1_257' title='bbox 1939 3014 2020 3080; x_wconf 88' lang='lat' dir='ltr'><strong>ad</strong></span> <span class='ocrx_word' id='word_1_258' title='bbox 2042 3015 2115 3079; x_wconf 89' lang='lat' dir='ltr'><em>A</em></span> <span class='ocrx_word' id='word_1_259' title='bbox 2137 3017 2200 3080; x_wconf 84' lang='lat'><strong>3.</strong></span> <span class='ocrx_word' id='word_1_260' title='bbox 2225 3015 2387 3080; x_wconf 78' lang='lat' dir='ltr'><em>983b</em></span> <span class='ocrx_word' id='word_1_261' title='bbox 2414 3015 2518 3078; x_wconf 85' lang='lat'><strong>16.</strong></span> 
     </span>
     <span class='ocr_line' id='line_1_28' title="bbox 312 3115 2519 3210; baseline -0.004 -23"><span class='ocrx_word' id='word_1_262' title='bbox 312 3160 394 3174; x_wconf 90' lang='lat'>-</span> <span class='ocrx_word' id='word_1_263' title='bbox 421 3123 549 3186; x_wconf 74' lang='lat'><strong>1114</strong></span> <span class='ocrx_word' id='word_1_264' title='bbox 579 3121 826 3210; x_wconf 79' lang='grc' dir='ltr'><em>ψεῦδος</em></span> <span class='ocrx_word' id='word_1_265' title='bbox 857 3129 921 3184; x_wconf 91' lang='lat' dir='ltr'><strong>et</strong></span> <span class='ocrx_word' id='word_1_266' title='bbox 948 3115 1280 3186; x_wconf 79' lang='grc' dir='ltr'><em>ἀδύνατον</em></span> <span class='ocrx_word' id='word_1_267' title='bbox 1311 3120 1463 3207; x_wconf 89' lang='lat' dir='ltr'><strong>quid</strong></span> <span class='ocrx_word' id='word_1_268' title='bbox 1494 3119 1797 3185; x_wconf 82' lang='lat' dir='ltr'><strong>differant</strong></span> <span class='ocrx_word' id='word_1_269' title='bbox 1823 3119 2046 3185; x_wconf 86' lang='lat' dir='ltr'><strong>iisdem</strong></span> <span class='ocrx_word' id='word_1_270' title='bbox 2073 3138 2279 3205; x_wconf 84' lang='lat' dir='ltr'><strong>prope</strong></span> <span class='ocrx_word' id='word_1_271' title='bbox 2303 3115 2519 3181; x_wconf 83' lang='lat' dir='ltr'><strong>verbis</strong></span> 
     </span>
     <span class='ocr_line' id='line_1_29' title="bbox 310 3221 2485 3310; baseline -0.004 -18"><span class='ocrx_word' id='word_1_272' title='bbox 310 3236 379 3293; x_wconf 87' lang='lat' dir='ltr'><strong>et</strong></span> <span class='ocrx_word' id='word_1_273' title='bbox 414 3223 634 3291; x_wconf 86' lang='lat' dir='ltr'><strong>iisdem</strong></span> <span class='ocrx_word' id='word_1_274' title='bbox 677 3223 978 3310; x_wconf 85' lang='lat' dir='ltr'><strong>exemplis</strong></span> <span class='ocrx_word' id='word_1_275' title='bbox 1011 3224 1117 3287; x_wconf 88' lang='lat' dir='ltr'><strong>Ar.</strong></span> <span class='ocrx_word' id='word_1_276' title='bbox 1157 3222 1433 3290; x_wconf 88' lang='lat' dir='ltr'><strong>illustrat</strong></span> <span class='ocrx_word' id='word_1_277' title='bbox 1471 3222 1554 3289; x_wconf 87' lang='lat' dir='ltr'><strong>de</strong></span> <span class='ocrx_word' id='word_1_278' title='bbox 1593 3222 1782 3289; x_wconf 85' lang='lat' dir='ltr'><strong>coelo</strong></span> <span class='ocrx_word' id='word_1_279' title='bbox 1819 3224 1849 3286; x_wconf 94' lang='lat' dir='ltr'><strong>l</strong></span> <span class='ocrx_word' id='word_1_280' title='bbox 1886 3224 1991 3286; x_wconf 80' lang='lat'><strong>12.</strong></span> <span class='ocrx_word' id='word_1_281' title='bbox 2030 3221 2194 3286; x_wconf 75' lang='lat'><em>2811&gt;</em></span> <span class='ocrx_word' id='word_1_282' title='bbox 2223 3221 2485 3285; x_wconf 78' lang='lat'><strong>3—14.</strong></span> 
     </span>
    </p>

    <p class='ocr_par' dir='ltr' id='par_1_5' title="bbox 309 3323 2522 4042">
     <span class='ocr_line' id='line_1_30' title="bbox 444 3323 2521 3410; baseline -0.004 -16"><span class='ocrx_word' id='word_1_283' title='bbox 444 3330 647 3394; x_wconf 73' lang='lat'>104711</span> <span class='ocrx_word' id='word_1_284' title='bbox 674 3330 759 3392; x_wconf 83' lang='lat'><strong>14</strong></span> <span class='ocrx_word' id='word_1_285' title='bbox 801 3323 966 3410; x_wconf 79' lang='grc' dir='ltr'><strong>ἅμα</strong></span> <span class='ocrx_word' id='word_1_286' title='bbox 1005 3365 1084 3378; x_wconf 89' lang='grc'>-</span> <span class='ocrx_word' id='word_1_287' title='bbox 1127 3329 1215 3393; x_wconf 82' lang='lat'><strong>30</strong></span> <span class='ocrx_word' id='word_1_288' title='bbox 1259 3324 1741 3410; x_wconf 82' lang='grc' dir='ltr'><em>ἀναγκαῖον.</em></span> <span class='ocrx_word' id='word_1_289' title='bbox 1810 3323 2096 3389; x_wconf 89' lang='lat' dir='ltr'><strong>Eandem</strong></span> <span class='ocrx_word' id='word_1_290' title='bbox 2133 3324 2521 3410; x_wconf 86' lang='lat' dir='ltr'><strong>propositio-</strong></span> 
     </span>
     <span class='ocr_line' id='line_1_31' title="bbox 309 3430 2519 3517; baseline -0.004 -18"><span class='ocrx_word' id='word_1_291' title='bbox 309 3456 455 3500; x_wconf 88' lang='lat' dir='ltr'><strong>nem</strong></span> <span class='ocrx_word' id='word_1_292' title='bbox 503 3430 766 3498; x_wconf 86' lang='lat' dir='ltr'><strong>similem</strong></span> <span class='ocrx_word' id='word_1_293' title='bbox 813 3434 877 3495; x_wconf 89' lang='lat' dir='ltr'><strong>in</strong></span> <span class='ocrx_word' id='word_1_294' title='bbox 922 3431 1182 3497; x_wconf 92' lang='lat' dir='ltr'><strong>modum</strong></span> <span class='ocrx_word' id='word_1_295' title='bbox 1227 3431 1607 3517; x_wconf 83' lang='lat' dir='ltr'><strong>comprobat</strong></span> <span class='ocrx_word' id='word_1_296' title='bbox 1649 3432 1765 3495; x_wconf 83' lang='lat' dir='ltr'><strong>An.</strong></span> <span class='ocrx_word' id='word_1_297' title='bbox 1797 3452 1888 3516; x_wconf 88' lang='lat' dir='ltr'><strong>pr.</strong></span> <span class='ocrx_word' id='word_1_298' title='bbox 1931 3430 1961 3492; x_wconf 93' lang='grc' dir='ltr'>Ι</span> <span class='ocrx_word' id='word_1_299' title='bbox 2003 3431 2105 3493; x_wconf 89' lang='lat'><strong>15.</strong></span> <span class='ocrx_word' id='word_1_300' title='bbox 2143 3430 2269 3492; x_wconf 73' lang='lat'><strong>340</strong></span> <span class='ocrx_word' id='word_1_301' title='bbox 2306 3430 2348 3492; x_wconf 83' lang='lat'>5</span> <span class='ocrx_word' id='word_1_302' title='bbox 2384 3449 2519 3512; x_wconf 84' lang='lat' dir='ltr'><strong>sqq.</strong></span> 
     </span>
     <span class='ocr_line' id='line_1_32' title="bbox 310 3536 2521 3618; baseline -0.005 -13"><span class='ocrx_word' id='word_1_303' title='bbox 310 3538 740 3605; x_wconf 78' lang='lat' dir='ltr'><strong>Coniunctam</strong></span> <span class='ocrx_word' id='word_1_304' title='bbox 786 3545 994 3601; x_wconf 88' lang='lat' dir='ltr'><strong>autem</strong></span> <span class='ocrx_word' id='word_1_305' title='bbox 1034 3536 1198 3600; x_wconf 86' lang='lat' dir='ltr'><strong>hane</strong></span> <span class='ocrx_word' id='word_1_306' title='bbox 1239 3539 1788 3602; x_wconf 83' lang='lat' dir='ltr'><strong>ratiocinationem</strong></span> <span class='ocrx_word' id='word_1_307' title='bbox 1829 3556 1967 3597; x_wconf 87' lang='lat' dir='ltr'><strong>cum</strong></span> <span class='ocrx_word' id='word_1_308' title='bbox 2007 3536 2339 3618; x_wconf 85' lang='lat' dir='ltr'><strong>superiore</strong></span> <span class='ocrx_word' id='word_1_309' title='bbox 2380 3552 2521 3596; x_wconf 88' lang='lat' dir='ltr'><strong>esse</strong></span> 
     </span>
     <span class='ocr_line' id='line_1_33' title="bbox 310 3637 2522 3727; baseline -0.003 -20"><span class='ocrx_word' id='word_1_310' title='bbox 310 3639 397 3724; x_wconf 82' lang='grc' dir='ltr'><strong>(ἅ</strong></span> <span class='ocrx_word' id='word_1_311' title='bbox 409 3667 517 3727; x_wconf 80' lang='grc' dir='ltr'><strong>μοι</strong></span> <span class='ocrx_word' id='word_1_312' title='bbox 558 3642 627 3707; x_wconf 81' lang='grc' dir='ltr'><strong>δὲ</strong></span> <span class='ocrx_word' id='word_1_313' title='bbox 666 3641 871 3720; x_wconf 83' lang='grc' dir='ltr'><em>δῆλον</em></span> <span class='ocrx_word' id='word_1_314' title='bbox 907 3641 1076 3719; x_wconf 76' lang='grc' dir='ltr'><strong>ὂ14)</strong></span> <span class='ocrx_word' id='word_1_315' title='bbox 1112 3649 1455 3725; x_wconf 87' lang='lat' dir='ltr'><strong>propterea</strong></span> <span class='ocrx_word' id='word_1_316' title='bbox 1487 3638 1740 3705; x_wconf 86' lang='lat' dir='ltr'><strong>videtur</strong></span> <span class='ocrx_word' id='word_1_317' title='bbox 1769 3637 2147 3726; x_wconf 84' lang='lat' dir='ltr'><strong>significare,</strong></span> <span class='ocrx_word' id='word_1_318' title='bbox 2183 3638 2327 3722; x_wconf 84' lang='lat' dir='ltr'><strong>quia</strong></span> <span class='ocrx_word' id='word_1_319' title='bbox 2358 3647 2522 3701; x_wconf 86' lang='lat' dir='ltr'><strong>utra-</strong></span> 
     </span>
     <span class='ocr_line' id='line_1_34' title="bbox 309 3740 2521 3834; baseline -0.004 -22"><span class='ocrx_word' id='word_1_320' title='bbox 309 3770 435 3834; x_wconf 90' lang='lat' dir='ltr'><strong>que</strong></span> <span class='ocrx_word' id='word_1_321' title='bbox 491 3768 566 3811; x_wconf 82' lang='lat' dir='ltr'><strong>ex</strong></span> <span class='ocrx_word' id='word_1_322' title='bbox 612 3743 832 3818; x_wconf 81' lang='lat' dir='ltr'><strong>eadem</strong></span> <span class='ocrx_word' id='word_1_323' title='bbox 877 3742 1119 3829; x_wconf 87' lang='lat' dir='ltr'><strong>pendet</strong></span> <span class='ocrx_word' id='word_1_324' title='bbox 1164 3746 1281 3808; x_wconf 79' lang='grc' dir='ltr'><strong>τοῦ</strong></span> <span class='ocrx_word' id='word_1_325' title='bbox 1325 3744 1611 3809; x_wconf 84' lang='grc' dir='ltr'><em>δυνατοῦ</em></span> <span class='ocrx_word' id='word_1_326' title='bbox 1654 3741 2065 3822; x_wconf 77' lang='lat' dir='ltr'><strong>definitione,</strong></span> <span class='ocrx_word' id='word_1_327' title='bbox 2125 3740 2325 3827; x_wconf 89' lang='lat' dir='ltr'><strong>qualis</strong></span> <span class='ocrx_word' id='word_1_328' title='bbox 2374 3761 2521 3827; x_wconf 87' lang='lat' dir='ltr'><strong>pro·</strong></span> 
     </span>
     <span class='ocr_line' id='line_1_35' title="bbox 310 3845 2522 3939; baseline -0.002 -24"><span class='ocrx_word' id='word_1_329' title='bbox 310 3853 520 3939; x_wconf 86' lang='lat' dir='ltr'><strong>posita</strong></span> <span class='ocrx_word' id='word_1_330' title='bbox 569 3859 667 3914; x_wconf 91' lang='lat' dir='ltr'><strong>est</strong></span> <span class='ocrx_word' id='word_1_331' title='bbox 705 3848 1027 3913; x_wconf 78' lang='lat' dir='ltr'><strong>3.1047a</strong></span> <span class='ocrx_word' id='word_1_332' title='bbox 1066 3847 1347 3911; x_wconf 79' lang='grc' dir='ltr'><strong>24.Α1)</strong></span> <span class='ocrx_word' id='word_1_333' title='bbox 1390 3847 1513 3910; x_wconf 86' lang='lat' dir='ltr'><strong>hae</strong></span> <span class='ocrx_word' id='word_1_334' title='bbox 1555 3847 1882 3934; x_wconf 86' lang='lat' dir='ltr'><strong>profectus</strong></span> <span class='ocrx_word' id='word_1_335' title='bbox 1929 3849 2199 3911; x_wconf 88' lang='lat' dir='ltr'><strong>notione</strong></span> <span class='ocrx_word' id='word_1_336' title='bbox 2240 3845 2359 3910; x_wconf 84' lang='lat' dir='ltr'><strong>hac</strong></span> <span class='ocrx_word' id='word_1_337' title='bbox 2404 3847 2522 3911; x_wconf 88' lang='lat' dir='ltr'><strong>uti·</strong></span> 
     </span>
     <span class='ocr_line' id='line_1_36' title="bbox 311 3949 1394 4042; baseline -0.005 -22"><span class='ocrx_word' id='word_1_338' title='bbox 311 3965 415 4020; x_wconf 87' lang='lat' dir='ltr'><strong>tur</strong></span> <span class='ocrx_word' id='word_1_339' title='bbox 458 3954 1012 4042; x_wconf 79' lang='lat' dir='ltr'><strong>argumentatione</strong></span> <span class='ocrx_word' id='word_1_340' title='bbox 1056 3949 1394 4016; x_wconf 85' lang='lat' dir='ltr'><strong>indirecta:</strong></span> 
     </span>
    </p>

    <p class='ocr_par' dir='ltr' id='par_1_6' title="bbox 288 4052 2524 4561">
     <span class='ocr_line' id='line_1_37' title="bbox 432 4052 2522 4140; baseline -0.001 -19"><span class='ocrx_word' id='word_1_341' title='bbox 432 4058 500 4122; x_wconf 91' lang='lat' dir='ltr'><strong>Si</strong></span> <span class='ocrx_word' id='word_1_342' title='bbox 534 4059 959 4124; x_wconf 82' lang='lat' dir='ltr'><strong>exsistentiam</strong></span> <span class='ocrx_word' id='word_1_343' title='bbox 983 4056 1106 4120; x_wconf 83' lang='grc' dir='ltr'><strong>τοῦ</strong></span> <span class='ocrx_word' id='word_1_344' title='bbox 1123 4055 1180 4120; x_wconf 98' lang='lat' dir='ltr'><strong><em>A</em></strong></span> <span class='ocrx_word' id='word_1_345' title='bbox 1212 4059 1578 4121; x_wconf 82' lang='lat' dir='ltr'><strong>necessario</strong></span> <span class='ocrx_word' id='word_1_346' title='bbox 1603 4057 1886 4140; x_wconf 87' lang='lat' dir='ltr'><strong>sequitur</strong></span> <span class='ocrx_word' id='word_1_347' title='bbox 1912 4054 2273 4118; x_wconf 84' lang='lat' dir='ltr'><strong>exsistentia</strong></span> <span class='ocrx_word' id='word_1_348' title='bbox 2299 4052 2522 4134; x_wconf 81' lang='grc' dir='ltr'><strong><em>τοῦΒ,</em></strong></span> 
     </span>
     <span class='ocr_line' id='line_1_38' title="bbox 288 4156 2524 4246; baseline -0.004 -18"><span class='ocrx_word' id='word_1_349' title='bbox 288 4182 715 4246; x_wconf 62' lang='lat' dir='ltr'><strong>consequens</strong></span> <span class='ocrx_word' id='word_1_350' title='bbox 764 4171 859 4225; x_wconf 85' lang='lat' dir='ltr'><strong>est</strong></span> <span class='ocrx_word' id='word_1_351' title='bbox 903 4169 999 4237; x_wconf 90' lang='lat' dir='ltr'><strong>ut,</strong></span> <span class='ocrx_word' id='word_1_352' title='bbox 1051 4162 1107 4225; x_wconf 91' lang='lat' dir='ltr'><strong>si</strong></span> <span class='ocrx_word' id='word_1_353' title='bbox 1150 4158 1209 4224; x_wconf 87' lang='lat' dir='ltr'><strong><em>A</em></strong></span> <span class='ocrx_word' id='word_1_354' title='bbox 1255 4158 1561 4246; x_wconf 90' lang='lat' dir='ltr'><strong>possibile</strong></span> <span class='ocrx_word' id='word_1_355' title='bbox 1608 4169 1733 4237; x_wconf 88' lang='lat' dir='ltr'><strong>est,</strong></span> <span class='ocrx_word' id='word_1_356' title='bbox 1786 4159 1973 4221; x_wconf 88' lang='lat' dir='ltr'><strong>etiam</strong></span> <span class='ocrx_word' id='word_1_357' title='bbox 2017 4156 2087 4223; x_wconf 99' lang='grc' dir='ltr'><strong><em>Β</em></strong></span> <span class='ocrx_word' id='word_1_358' title='bbox 2130 4178 2394 4223; x_wconf 87' lang='lat' dir='ltr'><strong>necesse</strong></span> <span class='ocrx_word' id='word_1_359' title='bbox 2440 4160 2524 4223; x_wconf 89' lang='lat' dir='ltr'><strong>sit</strong></span> 
     </span>
     <span class='ocr_line' id='line_1_39' title="bbox 294 4259 2524 4354; baseline -0.004 -22"><span class='ocrx_word' id='word_1_360' title='bbox 294 4264 624 4354; x_wconf 60' lang='lat' dir='ltr'><strong>xpossibile</strong></span> <span class='ocrx_word' id='word_1_361' title='bbox 657 4286 814 4329; x_wconf 88' lang='lat' dir='ltr'><strong>esse.</strong></span> <span class='ocrx_word' id='word_1_362' title='bbox 888 4266 1207 4329; x_wconf 83' lang='lat' dir='ltr'><strong>Ponamus</strong></span> <span class='ocrx_word' id='word_1_363' title='bbox 1232 4259 1409 4328; x_wconf 69' lang='lat' dir='ltr'><strong>&#39;enim</strong></span> <span class='ocrx_word' id='word_1_364' title='bbox 1447 4265 1800 4351; x_wconf 88' lang='lat' dir='ltr'><strong>quempiam</strong></span> <span class='ocrx_word' id='word_1_365' title='bbox 1839 4264 2222 4327; x_wconf 87' lang='lat' dir='ltr'><strong>contrarium</strong></span> <span class='ocrx_word' id='word_1_366' title='bbox 2259 4270 2524 4326; x_wconf 87' lang='lat' dir='ltr'><strong>conten-</strong></span> 
     </span>
     <span class='ocr_line' id='line_1_40' title="bbox 314 4366 2524 4454; baseline -0.004 -19"><span class='ocrx_word' id='word_1_367' title='bbox 314 4369 496 4435; x_wconf 88' lang='lat' dir='ltr'><strong>dere:</strong></span> <span class='ocrx_word' id='word_1_368' title='bbox 541 4390 681 4433; x_wconf 88' lang='lat' dir='ltr'><strong>esse</strong></span> <span class='ocrx_word' id='word_1_369' title='bbox 729 4368 980 4452; x_wconf 83' lang='lat' dir='ltr'><strong>quidem</strong></span> <span class='ocrx_word' id='word_1_370' title='bbox 1023 4366 1086 4432; x_wconf 89' lang='lat' dir='ltr'><strong><em>A</em></strong></span> <span class='ocrx_word' id='word_1_371' title='bbox 1130 4367 1456 4454; x_wconf 86' lang='lat' dir='ltr'><strong>possibile,</strong></span> <span class='ocrx_word' id='word_1_372' title='bbox 1503 4366 1620 4433; x_wconf 89' lang='lat' dir='ltr'><strong>sed</strong></span> <span class='ocrx_word' id='word_1_373' title='bbox 1666 4377 2005 4454; x_wconf 87' lang='lat' dir='ltr'><strong>propterea</strong></span> <span class='ocrx_word' id='word_1_374' title='bbox 2053 4388 2187 4432; x_wconf 89' lang='lat' dir='ltr'><strong>non</strong></span> <span class='ocrx_word' id='word_1_375' title='bbox 2235 4386 2524 4430; x_wconf 81' lang='lat' dir='ltr'><strong>necessa-</strong></span> 
     </span>
     <span class='ocr_line' id='line_1_41' title="bbox 312 4462 2518 4561; baseline -0.002 -22"><span class='ocrx_word' id='word_1_376' title='bbox 312 4477 411 4539; x_wconf 88' lang='lat' dir='ltr'><strong>rio</strong></span> <span class='ocrx_word' id='word_1_377' title='bbox 461 4476 648 4539; x_wconf 88' lang='lat' dir='ltr'><strong>etiam</strong></span> <span class='ocrx_word' id='word_1_378' title='bbox 691 4473 761 4540; x_wconf 99' lang='grc' dir='ltr'><strong><em>Β</em></strong></span> <span class='ocrx_word' id='word_1_379' title='bbox 807 4494 946 4538; x_wconf 88' lang='lat' dir='ltr'><strong>esse</strong></span> <span class='ocrx_word' id='word_1_380' title='bbox 992 4472 1297 4560; x_wconf 89' lang='lat' dir='ltr'><strong>possibile</strong></span> <span class='ocrx_word' id='word_1_381' title='bbox 1347 4475 1444 4554; x_wconf 83' lang='grc' dir='ltr'><strong>(εὶ</strong></span> <span class='ocrx_word' id='word_1_382' title='bbox 1486 4465 1615 4561; x_wconf 77' lang='grc' dir='ltr'><strong>γὰρ</strong></span> <span class='ocrx_word' id='word_1_383' title='bbox 1658 4466 1751 4558; x_wconf 85' lang='grc' dir='ltr'><strong>μὴ</strong></span> <span class='ocrx_word' id='word_1_384' title='bbox 1798 4465 2054 4555; x_wconf 79' lang='grc' dir='ltr'><em>ἀνάγκη</em></span> <span class='ocrx_word' id='word_1_385' title='bbox 2100 4463 2385 4536; x_wconf 78' lang='grc' dir='ltr'><em>δυνατόν</em></span> <span class='ocrx_word' id='word_1_386' title='bbox 2430 4462 2518 4535; x_wconf 82' lang='grc' dir='ltr'><strong>εἶ-</strong></span> 
     </span>
    </p>
   </div>
  </div>
 </body>
</html>
