3043 4973
1184 232 1246 304 Θ
1291 232 1363 307 6.
1444 232 1633 308 1048
1647 256 1715 308 a.
2404 235 2548 311 393

340 425 504 485 esse,
546 403 976 495 distinguatur
1020 430 1057 474 a
1099 409 1550 495 possibilitate,
1592 433 1729 479 non
1772 414 2043 478 notione
2087 422 2155 479 et
2198 414 2370 479 notis
2415 416 2551 501 qui-

342 508 608 576 busdam
653 511 968 599 specificis
1013 513 1480 595 circumscribit,
1531 515 1647 582 sed
1692 519 1847 582 satis
1890 517 2089 584 babet
2133 515 2435 604 exemplis
2476 516 2551 582 il-

339 611 642 680 lustrasse
669 616 752 695 ¹),
797 619 944 702 quia
988 615 1069 683 οὐ
1110 618 1210 684 δεῖ
1244 612 1493 695 παντὸς
1530 615 1693 705 ὅρον
1734 619 1948 701 ζητεῖν
1983 623 2120 686 «236
2166 621 2283 703 (cf.
2318 624 2486 707 Top.
2516 621 2549 686 1

344 719 449 782 14.
484 719 641 783 1051>
665 719 778 783 26:
825 716 1077 806 ὁρισμῷ
1118 724 1239 808 μὲν
1276 721 1395 790 οὐκ
1432 720 1687 801 εὐπετὲς
1721 720 2277 810 ἀνωδοῦναιπερὶ
2314 721 2549 803 αὐτῶν,

340 822 419 908 τῇ
454 821 523 885 δὲ
558 813 669 885 διὰ
703 825 820 902 τῆς
854 827 1197 911 ἐπαγωγῆς
1230 827 1563 911 συνηθείᾳ
1595 831 1940 914 πειρατέον
1974 827 2364 915 γνωρίζειν).
2428 829 2549 893 lta-

341 945 465 1009 que
509 926 940 1013 exemplorum
985 933 1165 1051 paria
1207 932 1375 995 inter
1415 951 1487 996 se
1533 933 1879 1019 componit,
1921 925 2000 996 τὸ
2046 931 2442 1054 οἰκοδομοῦν
2482 941 2548 1000 et

336 1022 416 1094 τὸ
464 1027 898 1116 οἰκοδομικόν,
943 1027 1020 1098 τὸ
1064 1028 1422 1121 ἑγρηγορός
1464 1043 1532 1100 et
1574 1029 1653 1099 τὸ
1696 1034 2065 1112 καθεῦδον,
2108 1028 2187 1099 τὸ
2231 1031 2547 1123 ἀπειργα-

339 1136 584 1216 σμένον
628 1143 693 1198 et
736 1128 812 1201 to*
859 1132 1296 1224 ἀνέργαστον.
1352 1135 1554 1203 altera
1611 1138 1837 1204 horum
1883 1137 2313 1225 exemplorum
2359 1162 2547 1205 mem·

335 1234 452 1300 bra
498 1239 552 1303 si
596 1259 729 1303 uno
775 1237 1010 1306 obtutu
1069 1231 1571 1326 complectimur,
1629 1240 1782 1328 quid
1840 1243 1921 1307 sit
1976 1245 2265 1326 ἐνέργεια
2319 1242 2546 1308 defiui-

336 1350 466 1406 tum
526 1350 625 1407 cst
680 1342 885 1421 (ἔστω
936 1339 981 1423 ἡ
1026 1347 1315 1431 ἐνέργεια
1359 1340 1787 1433 ἀφωρισμένη
1830 1348 1986 1426 ὁὸ),
2043 1344 2257 1411 alteris
2316 1368 2546 1412 eorun-

335 1444 481 1510 dem
539 1427 967 1531 exemplorum
1024 1447 1324 1514 membris
1384 1447 1701 1536 descripta
1764 1459 1863 1515 est
1914 1452 2226 1537 potentia.
2270 1486 2352 1502 -
2412 1450 2545 1518 Sed

336 1571 527 1634 quum
586 1549 879 1616 omnibus
934 1555 1004 1618 in
1060 1551 1250 1617 rebus
1311 1562 1487 1618 actus
1547 1552 1877 1620 distinctus
1934 1556 2017 1618 sit
2061 1575 2099 1618 a
2142 1558 2431 1639 potentia
2478 1565 2543 1620 et

335 1652 556 1718 eadem
602 1656 782 1740 quasi
825 1660 1255 1743 proportione
1300 1658 1433 1740 (τῷ
1475 1651 1813 1741 ἀνάλογον
1852 1659 1978 1738 ῠ7)
2035 1657 2164 1722 hoc
2206 1657 2544 1724 discrimen

332 1757 572 1843 ubique
617 1756 1041 1840 describatur,
1096 1770 1307 1827 tamen
1362 1781 1498 1828 non
1558 1759 1779 1826 eadem
1836 1781 2100 1847 prorsus
2146 1764 2213 1826 vi
2254 1761 2546 1850 ἐνέργεια

332 1859 578 1947 ubique
625 1860 883 1943 dicitur,
938 1863 1053 1931 sed
1094 1868 1164 1930 in
1209 1865 1346 1930 aliis
1390 1864 1473 1931 ad
1518 1868 1873 1953 potentiam
1920 1864 2191 1931 refertur
2234 1863 2319 1944 ὡς
2361 1868 2545 1947 κίνη-

333 1985 440 2040 σις
482 1958 649 2051 πρὸς
693 1961 1005 2051 δύναμιν,
1055 1971 1123 2034 in
1168 1969 1307 2035 aliis
1353 1966 1440 2046 ὡς
1484 1966 1680 2035 οὐσία
1723 1963 1889 2055 πρός
1930 1991 2082 2034 τινα
2124 1962 2290 2048 ὕλην
2329 1972 2434 2048 ῡΘ,
2478 1972 2540 2038 9.

330 2069 406 2134 In
443 2069 742 2156 exemplis
779 2072 1126 2138 afferendis
1161 2075 1216 2138 si
1249 2072 1638 2138 voluerimus
1667 2075 2088 2159 acquiescere,
2124 2084 2389 2160 apparet
2422 2067 2545 2153 τὴν

333 2170 760 2259 οἰκοδόμησιν
795 2169 962 2264 πρὸς
996 2175 1072 2242 τὸ
1110 2173 1528 2262 οἰκοδομικόν
1558 2178 1785 2244 referri
1819 2174 1905 2254 ὡς
1939 2179 2195 2256 κίνησιν
2225 2169 2394 2263 πρὸς
2429 2172 2543 2243 δύ-

330 2301 563 2362 ναμιν,
617 2289 840 2344 contra
887 2279 1247 2346 aedificium
1293 2279 1374 2346 ad
1418 2280 1641 2346 rudem
1685 2285 2039 2361 materiam,
2093 2282 2415 2347 hominem
2460 2281 2542 2347 ad

330 2391 650 2448 menstrua
697 2383 921 2449 referri
966 2380 1054 2461 ὡς
1097 2381 1335 2460 οὐσίαν
1368 2379 1536 2470 πρός
1572 2406 1722 2452 τινα
1760 2380 1944 2465 ὕλην.
2022 2386 2137 2450 Sin
2173 2395 2380 2451 autem
2420 2384 2544 2451 dis-

331 2489 607 2553 criminis
637 2490 837 2575 ipsam
868 2493 1361 2574 quaesiverimus
1387 2491 1723 2567 rationem,
1755 2488 1991 2576 duplex
2018 2492 2296 2555 cernitur
2323 2512 2540 2567 causa3

331 2594 564 2658 etenim
611 2595 941 2679 potentiae
985 2592 1182 2658 modo
1230 2595 1583 2680 opponitur
1619 2595 1673 2658 is
1704 2602 1914 2658 motus
1945 2602 2012 2658 et
2039 2604 2234 2671 actus,
2278 2615 2407 2678 quo
2436 2615 2541 2659 res

329 2694 412 2761 ad
455 2697 914 2782 perfectionem
951 2706 1218 2765 naturae
1247 2718 1403 2762 suae
1431 2695 1822 2782 perducitur,
1865 2698 2133 2776 κίνησις,
2176 2696 2372 2761 modo
2402 2700 2542 2783 ipsa

327 2799 439 2865 illa
473 2800 825 2886 perfectio,
882 2802 1170 2888 ἐνέργεια
1227 2802 1366 2865 sive
1423 2802 1806 2886 ὲντελέχειαε
1863 2822 1939 2865 ac
1991 2810 2321 2887 praeterea
2376 2800 2541 2867 aliae

443 2997 508 3068 1)
543 3003 623 3054 Ea
658 3001 827 3054 omnia
862 3021 1015 3072 quam
1048 3022 1232 3074 parum
1266 3002 1517 3056 sufficiant
1549 3003 1705 3056 iustae
1741 3023 1800 3056 ac
1832 3003 2011 3074 plenae
2044 3022 2215 3055 rerum
2258 3001 2541 3069 cognitioni,

329 3087 471 3140 facile
509 3102 583 3140 est
618 3089 893 3140 ostendere.
954 3090 1209 3143 Nimirum
1243 3090 1519 3161 potentiam
1555 3104 1606 3141 et
1639 3104 1808 3142 actum
1842 3090 1957 3142 ideo
1994 3089 2209 3141 distinxit
2235 3088 2541 3152 Aristoteles,

328 3189 389 3226 ut
422 3175 516 3226 hac
552 3173 863 3226 distinctione
897 3190 1123 3228 veterum
1158 3176 1577 3247 pbilosophorum
1611 3177 1673 3227 de
1701 3175 2016 3241 generatione
2051 3196 2109 3226 ac
2137 3175 2412 3226 mutatione
2444 3176 2514 3226 du
2526 3204 2541 3215 --

327 3260 592 3313 bitationes
629 3260 992 3314 dirimerentur.
1069 3265 1135 3315 At
1167 3263 1298 3333 ipsas
1334 3264 1422 3315 has
1457 3262 1714 3323 notiones,
1751 3282 1873 3332 quas
1909 3262 2075 3312 lucem
2110 3262 2285 3311 afferre
2319 3261 2426 3310 vult
2458 3279 2540 3311 re-

327 3368 444 3399 rum
478 3348 709 3409 naturae,
746 3349 946 3417 qualem
978 3368 1078 3407 usu
1113 3364 1163 3401 et
1198 3349 1498 3418 experientia
1533 3348 1899 3412 cognoscimus,
1932 3366 2039 3399 non
2072 3360 2238 3415 potest
2269 3366 2362 3415 per
2396 3366 2540 3399 suam

328 3448 561 3486 naturam
595 3453 810 3503 suasque
844 3449 988 3487 notas
1023 3435 1276 3505 specificas
1310 3434 1543 3497 definire,
1590 3435 1677 3485 sed
1721 3433 1962 3486 illustrare
2003 3434 2160 3486 modo
2202 3433 2421 3486 adbibita
2455 3454 2539 3486 ea-

329 3522 449 3573 dem
483 3519 797 3591 experientia,
833 3523 896 3573 ad
932 3542 1086 3592 quam
1118 3522 1459 3574 illustrandam
1492 3520 1719 3573 inventae
1756 3534 1895 3586 sunt;
1930 3521 2135 3592 perinde
2171 3540 2228 3572 ac
2263 3520 2539 3584 materiam,

329 3628 458 3678 quae
504 3629 620 3659 cum
664 3607 888 3681 potentia
930 3622 982 3660 et
1025 3607 1340 3674 coniungitur
1381 3607 1666 3678 saepissime
1711 3621 1762 3659 et
1802 3607 2078 3659 necessario
2120 3608 2376 3670 cohaeret,
2422 3608 2541 3660 dicit

329 3695 611 3763 ἔπιστητὴν
647 3688 772 3746 κατ’
799 3689 1092 3764 ἀναλογίαν
1126 3709 1177 3747 et
1210 3696 1362 3747 allatis
1398 3693 1632 3764 exemplis
1666 3693 1898 3746 describit
1917 3695 2067 3768 Phys.
2088 3694 2113 3745 I
2140 3709 2185 3748 7.
2216 3702 2346 3749 191⁶
2373 3711 2397 3749 7
2427 3715 2535 3765 sqq.

328 3780 594 3832 Praeterea
619 3780 992 3850 possibilitatem
1015 3782 1084 3834 ita
1109 3782 1342 3834 describit
1367 3798 1415 3837 3.
1446 3789 1615 3836 1074.
1640 3796 1723 3843 24,
1756 3795 1816 3833 ut
1850 3781 1973 3851 quid
1999 3800 2111 3831 eam
2136 3782 2200 3832 ab
2228 3795 2343 3832 actu
2368 3781 2536 3832 seiun-

331 3880 414 3933 gat
446 3880 665 3938 nequeat
697 3866 912 3932 intelligi.
975 3868 1117 3936 Quid
1153 3868 1322 3920 enim?
1378 3869 1635 3931 Possibile,
1671 3869 1753 3929 ait,
1788 3869 1829 3919 si
1863 3881 2081 3938 ponatur
2113 3881 2228 3918 actu
2262 3887 2383 3931 esse,
2417 3868 2539 3920 nihil

327 3953 446 4005 inde
482 3952 803 4024 conseq-uitur
836 3954 1154 4025 impossibile.
1219 3956 1360 4025 Quid
1385 3956 1534 4021 igitur
1559 3954 1781 4024 impedit,
1818 3953 2087 4024 quominus
2111 3954 2342 4024 possibile
2371 3955 2537 4025 ipsum

328 4039 393 4092 sit
427 4039 576 4092 actu?
646 4041 721 4092 Ita
755 4062 915 4111 quum
949 4041 1154 4093 notione
1189 4042 1296 4112 ipsa
1331 4055 1381 4092 et
1413 4041 1604 4092 ratione
1646 4061 1826 4112 pamm
1862 4041 2088 4092 distincta
2122 4040 2184 4091 sit
2215 4041 2436 4110 potentia
2473 4045 2537 4094 ab

330 4141 462 4188 actu,
498 4126 618 4177 nihil
652 4147 855 4196 prorsus
889 4127 1083 4179 videtur
1105 4130 1195 4179 Ar.
1233 4127 1413 4189 dicere,
1448 4148 1608 4197 quum
1643 4142 1811 4179 actum
1848 4147 1951 4178 esse
1986 4126 2225 4191 significat
2257 4127 2320 4181 τὸ
2361 4125 2540 4200 ὑπάρ-

325 4233 437 4280 χειν
473 4211 538 4264 τό
575 4211 813 4284 πρᾶγμα,
848 4213 930 4284 μὴ
969 4212 1175 4274 οὕτως
1211 4210 1386 4285 ὥσπερ
1423 4216 1634 4284 λέγομεν
1664 4213 1898 4284 δυνάμει,
1933 4234 2027 4265 nec
2050 4213 2236 4265 mirum
2260 4216 2398 4285 quod
2421 4216 2536 4266 Me-

329 4297 501 4363 garici,
536 4298 639 4349 aliis
672 4299 740 4350 illi
775 4300 979 4370 quidem
1013 4300 1067 4351 in
1102 4303 1253 4352 rebus
1289 4298 1461 4366 arguti,
1500 4299 1554 4350 in
1589 4301 1681 4353 hac
1716 4316 1884 4354 autem
1920 4300 2034 4352 satis
2069 4301 2200 4352 acuti
2235 4316 2285 4353 et
2318 4301 2536 4362 subtiles,

330 4384 661 4436 exsistentiam
696 4384 767 4453 τῷ
805 4383 1025 4458 δυνάμει
1061 4383 1176 4445 ὄντι
1209 4387 1426 4439 tribuere
1460 4403 1769 4451 recusarunt,
1805 4390 1866 4440 cf.
1904 4407 2013 4457 cap.
2043 4401 2089 4441 3.
