3043 4973
1171 245 1252 312 Λ
1301 239 1370 313 8.
1456 239 1723 314 1074α.
2401 243 2537 315 511

342 413 659 478 infinitum
689 424 901 479 motus
936 424 1177 481 tantum
1212 424 1424 480 motus
1462 437 1648 481 causa
1683 416 1842 482 fieri.
1912 416 2041 480 lam
2075 436 2234 481 vero
2262 437 2384 481 nec
2409 417 2546 503 plu-

344 538 446 580 res
490 527 642 581 sunt
683 516 980 602 planetae
1025 541 1211 603 quam
1257 540 1419 603 quos
1463 519 1748 597 diximus,
1792 540 1913 583 nec
1956 519 2175 604 plures
2221 540 2440 584 eorum
2484 531 2548 585 et

342 619 604 683 fixarum
653 619 971 684 stellarum
1017 631 1227 685 motus
1271 625 1427 706 poni
1473 633 1972 688 consentaneum
2019 632 2118 686 est
2163 622 2331 701 (huc
2381 625 2546 687 enim

341 726 621 808 pertinet
665 721 825 787 illud
871 717 1144 806 εὔλογον
1184 726 1379 802 ⁶16),
1429 748 1617 810 quam
1675 747 1797 790 nos
1851 734 2364 789 astronomorum
2407 746 2547 789 sen·

344 827 541 888 tentia
586 824 918 889 emendata
962 830 1317 910 posuimus;
1364 848 1526 915 ergo
1573 849 1695 892 nec
1734 830 1951 914 plures
1989 826 2364 892 statuendae
2400 836 2548 892 sunt

342 927 736 992 substantiae
782 938 1082 993 aeternae
1127 928 1500 994 immobiles.

475 1031 652 1093 Haec
706 1031 1189 1116 argumentamli
1244 1037 1409 1097 ratio
1469 1036 1665 1118 petita
1723 1043 1820 1099 est
1877 1036 2029 1099 satis
2090 1035 2425 1120 perspicue
2470 1053 2545 1097 ex

341 1141 563 1196 natura
608 1131 999 1197 substantiae
1042 1144 1373 1212 aeternae,
1429 1157 1593 1220 quae
1650 1140 2010 1202 necessario
2057 1157 2245 1203 causa
2291 1139 2371 1200 sit
2414 1157 2547 1200 mo-

343 1244 460 1313 ωε,
507 1243 573 1297 et
614 1256 692 1298 ex
736 1245 960 1300 natura
1007 1234 1284 1315 lationis,
1331 1259 1495 1323 quae
1539 1259 1673 1303 non
1718 1244 1924 1326 possit
1959 1261 2098 1305 esse
2138 1242 2275 1303 sine
2312 1237 2545 1324 aliquo,

342 1337 517 1422 quod
562 1337 830 1415 feratur,
881 1359 1181 1425 corpore.
1267 1339 1398 1406 Sed
1444 1344 1511 1404 in
1556 1344 1711 1428 ipsis
1754 1343 1968 1408 verbis
2013 1351 2258 1407 restant
2298 1340 2546 1426 aliquae

343 1438 770 1505 difficultates,
858 1443 996 1505 ⁶14
1038 1436 1116 1507 τὸ
1160 1445 1281 1526 μὲν
1325 1433 1444 1509 οὖν
1486 1444 1760 1523 πλῆθος
1801 1448 1933 1511 τῶν
1989 1447 2381 1534 σφαιρῶν.
2470 1445 2547 1509 In

341 1541 623 1607 lectione
668 1546 970 1630 σφαιρῶν
1018 1567 1156 1609 cnm
1204 1544 1377 1611 libris
1423 1569 1612 1611 manu
1657 1551 1907 1635 scriptis
1952 1550 2365 1613 consentiunt
2401 1545 2547 1611 Ale-

341 1644 581 1711 xander
611 1656 674 1710 et
698 1647 1115 1725 Themistins;
1151 1648 1508 1735 Simplicius
1545 1671 1702 1714 vero
1740 1650 1820 1714 ad
1854 1648 1998 1714 libr.
2036 1649 2117 1714 de
2150 1648 2312 1715 coel.
2343 1650 2403 1715 11
2441 1651 2544 1731 12.

342 1747 559 1813 Schol.
590 1749 756 1813 5020:
785 1749 870 1814 18
916 1751 1172 1816 exhibet
1211 1754 1520 1839 φορῶν,
1564 1762 1752 1838 atque
1793 1774 1929 1817 eam
1969 1751 2309 1819 lectionem
2348 1753 2547 1837 recipi

342 1850 526 1915 iubet
564 1851 832 1917 Krische
877 1852 919 1917 l.
952 1852 994 1917 l.
1032 1878 1101 1940 p.
1130 1855 1279 1930 288,
1324 1875 1554 1941 magna
1599 1877 1754 1919 sane
1799 1877 1940 1920 cum
1985 1859 2203 1941 specie
2246 1857 2545 1921 veritatis.

342 1955 525 2019 Licet
570 1956 737 2018 enim
781 1954 1009 2020 eodem
1054 1977 1321 2022 numero
1369 1967 1434 2021 et
1470 1958 1776 2043 sphaerae
1820 1957 2135 2023 coelestes
2174 1969 2240 2023 et
2272 1957 2548 2023 lationes

344 2056 618 2121 siderum
666 2068 1144 2144 computentur,
1201 2070 1411 2123 tamen
1457 2063 1953 2147 argumentatio,
1997 2082 2182 2144 qnam
2230 2060 2333 2125 Ar.
2380 2059 2549 2124 ordi-

345 2169 473 2237 tur,
516 2161 603 2223 ita
652 2170 749 2224 est
791 2164 992 2247 petita
1039 2184 1075 2225 e
1119 2173 1346 2226 natura
1391 2172 1457 2225 et
1498 2166 1772 2229 notione
1817 2165 2066 2250 φορᾶς,
2108 2173 2183 2228 ut
2223 2161 2547 2239 lationum,

344 2283 478 2327 non
534 2262 942 2347 sphaerarum
997 2285 1327 2329 numerum
1378 2266 1481 2328 hic
1527 2267 2006 2331 commemorari
2050 2274 2546 2330 consentaneum

342 2369 441 2431 sit·
525 2365 793 2430 Accedit
837 2365 1011 2452 quod
1057 2389 1132 2432 ea
1177 2370 1314 2452 ipsa
1358 2368 1575 2445 verba,
1622 2390 1783 2453 quae
1828 2371 2112 2453 proxime
2156 2367 2548 2452 subsequun-

341 2479 470 2534 tur:
518 2464 680 2534 ὥστε
725 2471 837 2533 καὶ
881 2465 1003 2545 τάς
1049 2467 1281 2546 οὐσίας
1322 2472 1433 2535 καὶ
1479 2463 1602 2545 τάς
1647 2463 1856 2556 ἀρχάς
1900 2461 2018 2544 τάς
2055 2464 2400 2547 ἀκινήτους
2436 2470 2547 2535 καὶ

343 2566 484 2647 τάς
527 2564 949 2650 αἰσθητὰς
990 2569 1321 2648 τοσαύτας
1365 2566 1638 2655 εὔλογον
1683 2571 1877 2650 εἶναι,
1929 2592 2064 2636 non
2107 2572 2408 2636 videntur
2451 2575 2548 2640 in-

342 2674 546 2761 telligi
604 2695 824 2759 posse,
880 2676 1003 2738 nisi
1062 2676 1290 2761 φορῶν
1344 2696 1464 2761 pro
1518 2679 1821 2763 σφαιρῶν
1864 2677 2202 2761 receperis.
2293 2675 2545 2740 Etenim

341 2780 652 2863 principia
715 2776 1148 2842 sensibilia
1212 2798 1376 2861 quae
1437 2788 1712 2862 possunt
1773 2776 1897 2841 alia
1961 2776 2130 2840 dicta
2188 2797 2361 2855 esse,
2425 2779 2548 2844 nisi

343 2880 652 2966 sphaerae
703 2890 917 2944 motae
967 2879 1116 2946 illae
1163 2903 1198 2944 a
1242 2879 1596 2945 motoribus
1640 2878 2108 2946 immobilibus?
2196 2879 2282 2944 At
2324 2880 2549 2965 sphae-

343 3003 552 3048 rarum
629 3003 925 3048 numerus
993 3004 1153 3050 non·
1197 2994 1416 3069 potest
1486 3006 1605 3068 per
1674 2982 2043 3069 particulam
2119 2980 2546 3048 conclusivam

344 3082 509 3152 ὥστε
553 3088 1048 3164 commemorari,
1101 3090 1152 3151 si
1198 3085 1368 3152 idem
1410 3089 1535 3150 iam
1580 3089 1648 3150 in
1695 3087 1844 3151 colo
1889 3085 2308 3150 antecedente
2354 3088 2547 3171 signi-

341 3189 569 3253 ficatus
615 3200 728 3254 est.
772 3227 861 3239 -—
904 3192 1038 3255 ⁶19
1084 3191 1179 3254 ἔτι
1218 3189 1289 3254 δὲ
1335 3191 1564 3254 πᾶσαν
1609 3184 1809 3275 φύσιν
1860 3190 1971 3252 καὶ
2029 3188 2256 3251 πᾶσαν
2312 3184 2547 3254 οὐσίαν

343 3289 593 3369 ἀπαθῆ
646 3294 759 3355 καὶ
813 3290 976 3356 καθ’
1016 3284 1224 3368 αὐτὴν
1277 3290 1397 3356 τοῦ
1453 3287 1728 3374 ἀρίστου
1785 3298 2206 3375 τετυχηκυῖαν
2262 3290 2547 3365 τέλους

343 3389 509 3458 εἶναι
552 3395 651 3458 δεῖ
693 3392 995 3478 νομίζειν.
1070 3394 1248 3456 Haec
1295 3391 1489 3455 verba
1533 3395 1628 3459 uti
1667 3411 1835 3458 nunc
1873 3391 2248 3456 exhibentur
2285 3413 2420 3456 non.
2454 3396 2546 3456 vi-

342 3497 573 3561 dentur
632 3494 813 3560 aliter
856 3517 1050 3581 posse
1092 3497 1513 3582 grammatice,
1547 3494 1959 3572 conformari,
2017 3496 2139 3558 nisi
2185 3504 2256 3559 ut
2297 3491 2546 3573 ἀπαθῆ

341 3600 453 3663 καὶ
498 3594 664 3661 καθ’
703 3594 912 3677 αὑτήν
956 3619 1075 3683 pro
1120 3599 1414 3684 epithetis
1450 3597 1806 3664 habeantur
1844 3596 2250 3675 substantiae,
2297 3606 2360 3662 et
2400 3620 2545 3683 pro·

339 3704 500 3768 xima
537 3699 760 3766 verba:
806 3703 924 3766 τοῦ
968 3698 1244 3782 ἀρίστου
1285 3702 1959 3785 τετυχηκυῖαν,τὲλους
1997 3721 2118 3785 pro
2155 3699 2544 3785 praedicato.

344 3803 429 3867 At
486 3805 955 3891 argumentatio
1012 3824 1145 3867 non
1200 3802 1352 3868 inde
1409 3806 1673 3889 petitur,
1731 3801 1905 3887 quod
1962 3791 2350 3868 substantiae
2394 3801 2544 3867 illae

342 3905 697 3972 immobiles
754 3909 931 3991 ipsae
988 3927 1168 3974 suum
1225 3917 1288 3974 et
1328 3910 1637 3990 optimum
1683 3905 1936 3990 quidem
1980 3905 2174 3972 finem
2216 3914 2544 3972 assecutae

342 4011 495 4085 sint,
542 4008 656 4072 sed
702 4007 876 4093 quod
921 4007 1060 4072 aliis
1105 4012 1232 4072 sint
1274 4029 1395 4095 pro
1440 4008 1574 4072 fine
1618 4011 1726 4093 qui
1772 4019 2128 4094 appetatur,
2174 4015 2414 4076 κινοῖεν
2458 4003 2544 4076 ἀν

343 4107 429 4184 ὡς
463 4112 649 4185 τέλος
684 4102 875 4175 οὖσαι
912 4112 1131 4199 φορᾶς
1165 4112 1319 4176 023.
1387 4109 1546 4174 Inde
1577 4108 1915 4196 probabile
1942 4110 2262 4195 videbitur
2288 4131 2410 4196 pro
2439 4114 2543 4174 τέ-

342 4213 497 4287 λους
540 4211 941 4278 scribendum
987 4235 1128 4280 esse
1163 4213 1423 4287 τέλοςε
1468 4213 1857 4280 substantiae
1896 4223 2212 4300 quotquot
2251 4213 2330 4277 ab
2368 4214 2542 4278 omni

310 4313 686 4378 ..affectione
731 4317 1037 4383 immunes
1084 4326 1149 4381 et
1191 4336 1308 4400 per
1348 4335 1420 4382 se
1466 4319 1746 4402 optimae
1787 4326 1964 4395 sunt,
2007 4338 2123 4382 eae
2171 4336 2392 4382 omnes
2436 4315 2543 4378 ha-

1981 4595 2030 4618 N.
