3043 4973
2387 236 2474 311 15

404 415 655 480 Etenim
700 413 845 480 libri
885 415 957 482 K
997 414 1335 504 singularis
1381 410 1689 502 quaedam
1735 423 1834 480 est
1876 416 2060 480 ratio.
2135 410 2359 481 Priore
2403 413 2476 479 li-

270 519 369 584 bri
410 530 592 605 parte
636 541 690 584 c.
732 518 769 584 1
791 510 947 583 -'-8.
999 520 1206 585 1065«
1248 521 1337 585 26
1393 517 1518 600 (de
1576 521 1934 606 posteriore
1984 529 2165 604 parte
2208 520 2475 606 posthac

269 622 522 688 dicendi
579 626 705 689 erit
759 622 981 703 locus)
1041 621 1262 688 eadem
1320 622 1549 689 eodem
1610 622 1838 689 ordine
1885 621 2143 687 brevius
2185 629 2474 710 exposita

267 725 564 814 legimus,
622 746 789 810 quae
844 725 1103 792 uberius
1159 726 1598 814 disceptantur
1653 725 1834 791 libris
1879 725 2083 791 ΒΓΕ.
2174 729 2328 794 Non
2373 749 2475 793 ex-

268 841 551 916 cerptum
612 850 753 894 esse
807 829 1041 894 librum
1084 829 1156 895 K
1210 830 1334 896 illis
1388 852 1462 895 ex
1508 830 1688 896 libris
1734 829 1922 895 facile
1965 830 2307 910 concedet,
2366 835 2474 919 qui

268 955 427 1020 quae
470 937 733 1021 propria
779 937 908 1000 sint
950 934 1119 1000 libro
1161 935 1246 1013 K,
1292 957 1454 1022 quae
1497 938 1703 1000 minus
1750 945 1898 1021 apte
1943 943 2007 998 et
2053 933 2327 1000 dilucide
2373 956 2475 1001 ex-

267 1041 474 1124 posita
520 1058 708 1124 quam
752 1041 820 1102 in
867 1038 1298 1125 superioribus
1343 1038 1539 1118 libris,
1583 1046 1825 1103 attente
1869 1037 2230 1103 contulerit.
2309 1037 2475 1104 Dili-

266 1151 494 1228 genter
550 1162 625 1205 ac
677 1140 995 1207 subtiliter
1052 1165 1188 1208 eam
1248 1162 1378 1209 rem
1435 1144 1847 1229 pertractavit
1904 1141 2272 1207 Brundisius
2331 1141 2374 1207 l.
2429 1141 2469 1207 l.

266 1267 331 1329 p.
374 1247 461 1309 66
505 1265 673 1330 sqq.;
731 1246 854 1331 ipsi
914 1246 1139 1332 quibus
1197 1250 1263 1311 in
1320 1244 1511 1311 rebus
1570 1244 1827 1311 differat
1867 1243 2031 1311 liber
2076 1245 2146 1310 K
2202 1268 2239 1309 a
2295 1244 2473 1311 libris

266 1348 460 1412 ΒΓΕ
493 1350 561 1412 in
595 1350 1119 1435 interpretatione
1158 1347 1300 1413 libri
1331 1348 1403 1413 K
1445 1349 1725 1414 breviter
1763 1348 2274 1437 significavimus.
2342 1350 2474 1414 Ve-

266 1473 400 1516 mm
447 1455 615 1516 enim
663 1472 819 1517 vero
864 1451 929 1516 id
976 1461 1077 1516 est
1120 1452 1374 1518 dicendi
1419 1455 1728 1541 genus·in
1762 1456 1976 1538 priore
2010 1462 2193 1538 parte
2226 1451 2377 1517 libri
2405 1452 2473 1516 K

268 1577 343 1618 ac
384 1564 598 1621 tantus
644 1578 784 1620 cum
830 1554 1008 1620 libris
1053 1555 1249 1620 ΒΓΕ
1283 1557 1737 1620 sententiarum
1783 1556 2061 1619 omnium
2107 1565 2471 1632 concentus,

267 1670 339 1723 ut
383 1660 459 1724 ab
504 1658 635 1724 alio
680 1669 830 1745 post
858 1659 1266 1725 Aristotelem
1312 1658 1703 1748 philosopho
1745 1660 2170 1745 Peripatetico
2217 1678 2359 1724 eum
2400 1658 2472 1722 li-

264 1763 444 1828 brum
492 1767 795 1851 scriptum
843 1785 1001 1841 esse,
1046 1785 1168 1828 nec
1211 1762 1551 1853 probabile
1594 1773 1659 1829 et
1701 1766 1807 1829 vix
1851 1761 2153 1828 credibile
2198 1782 2339 1827 esse
2381 1766 2471 1827 vi-

266 1868 506 1934 deatur.
599 1870 822 1954 ltaque
866 1870 921 1931 si
964 1865 1046 1933 de
1092 1867 1314 1932 iisdem
1360 1867 1555 1933 rebus
1596 1867 1696 1932 bis
1741 1864 1821 1931 ab
1869 1865 2213 1931 Aristotele
2258 1866 2471 1953 dispu-

265 1981 461 2036 tatum
517 1990 658 2035 esse
714 1973 1041 2058 ponimus,
1098 1969 1354 2038 brevius
1411 1970 1585 2036 libro
1630 1971 1700 2036 K
1745 1973 1782 2035 1
1807 1971 1971 2049 -8,
2029 1973 2354 2057 copiosius
2407 1980 2472 2035 et

268 2073 658 2140 enucleatius
701 2074 883 2139 libris
926 2074 1143 2153 ΒΓΕ,
1187 2074 1436 2142 tollitur
1476 2073 1629 2140 inde
1674 2095 1856 2160 quam
1904 2094 2091 2139 unam
2137 2094 2470 2162 superesse

268 2179 389 2244 dixi
447 2179 528 2243 de
585 2181 877 2244 instituto
934 2176 1238 2243 librorum
1295 2179 1873 2264 metaphysicorum
1938 2177 2165 2243 ordine
2223 2163 2469 2243 dubita-

266 2287 519 2348 tionem.
609 2283 900 2368 Namque
955 2284 1021 2346 iu
1079 2281 1244 2348 libro
1290 2284 1365 2347 K
1416 2285 1725 2347 contiuuo
1783 2290 1935 2368 post
1992 2285 2345 2367 expositum
2403 2292 2469 2346 et

270 2387 701 2452 confirmatum
767 2386 1257 2450 ratiocinatione
1322 2388 1699 2472 principium
1770 2383 2287 2451 contradictionis
2342 2388 2468 2472 pri-

264 2513 426 2556 mum
485 2494 674 2556 notio
729 2491 970 2577 primae
1024 2488 1473 2576 philosophiae
1530 2489 1822 2557 subtilius
1888 2489 2325 2578 distinguitur,
2394 2511 2469 2554 ac

264 2594 496 2660 deinde
543 2616 660 2659 ens
706 2593 1098 2659 accidentale
1142 2602 1207 2657 et
1253 2612 1365 2658 ens
1409 2592 1601 2671 illud,
1658 2592 1834 2679 quod
1890 2596 2220 2659 veritatem
2273 2595 2468 2680 signi-

260 2697 427 2778 ficat,
472 2720 509 2761 a
557 2697 990 2786 disputatione
1024 2695 1410 2762 instituenda
1446 2707 1838 2773 removetur3
1883 2700 2097 2783 itaque
2128 2695 2466 2783 probabile

261 2812 373 2881 est,
416 2823 633 2889 neque
676 2801 878 2867 libros
913 2801 982 2867 Γ
1016 2810 1081 2865 et
1113 2801 1191 2879 E,
1235 2799 1465 2887 quibus
1512 2799 1732 2865 eadem
1780 2798 2006 2866 eodem
2051 2799 2279 2865 ordine
2324 2823 2468 2887 per-

256 2911 558 2971 tractavit
600 2917 791 2992 atque
832 2909 900 2970 in
943 2903 1113 2970 libro
1155 2903 1240 2982 K,
1285 2903 1694 2968 Aristotelem
1737 2903 1845 2969 vel
1886 2907 2281 2991 interpositis
2326 2906 2465 2971 aliis

256 3010 441 3076 libris
484 3009 591 3075 vel
634 3008 764 3074 ulla
808 3008 931 3073 alia
973 3011 1222 3073 ratione
1267 3006 1547 3073 voluisse
1592 3009 1947 3096 seiungere.

390 3116 571 3179 Haec
624 3116 682 3177 si
740 3122 1048 3198 tamquam
1106 3109 1515 3177 fundamenta
1578 3109 2026 3197 disputationis
2084 3115 2242 3200 poni
2298 3111 2464 3192 licet,

259 3238 451 3282 unam
475 3229 540 3282 et
564 3219 929 3282 continuam
950 3215 1441 3303 disputationem
1463 3217 1674 3279 inesse
1697 3217 1763 3279 in
1786 3213 1966 3280 libris
1983 3216 2382 3281 ΑΒΓΕΖΗ
2390 3218 2464 3297 Θ,

272 3340 508 3405 eosque
546 3318 749 3386 libros
793 3320 921 3383 hoc
961 3320 1192 3383 ordine
1237 3318 1317 3383 ab
1361 3321 1503 3405 ipso
1551 3335 1692 3382 esse
1721 3318 2065 3384 Aristotele
2101 3317 2464 3406 dispositoS,

262 3426 395 3488 iam
444 3422 522 3488 de
560 3424 818 3510 reliquis
862 3422 1040 3488 libris
1084 3421 1332 3488 facilius
1379 3424 1498 3488 erit
1541 3419 1938 3509 probabilem
1987 3423 2280 3511 proferre
2322 3445 2464 3491 sen-

254 3529 543 3592 tentiam.
930 3617 933 3620 -

390 3633 488 3696 Ae
530 3635 802 3718 primum
845 3630 1097 3719 quidem
1141 3630 1308 3697 liber
1351 3655 1398 3696 a
1439 3639 1653 3697 utrum
1690 3629 1771 3694 ab
1804 3631 2150 3697 Aristotele
2192 3636 2333 3720 ipso
2380 3655 2463 3700 an

252 3735 340 3800 ab
384 3736 517 3800 alio
565 3722 847 3801 eiusdem
893 3734 1266 3824 disciplinae
1307 3734 1701 3823 philosopho
1747 3738 2049 3824 scriptus,
2091 3747 2296 3826 utrum
2341 3759 2461 3804 suo

238 3839 410 3905 ’loco
456 3842 706 3925 positus
756 3833 855 3905 an'
883 3839 1011 3904 alio
1055 3839 1531 3905 transferendus
1580 3838 1764 3919 esset,
1804 3843 1929 3904 iam
1974 3843 2315 3925 antiquitus
2356 3864 2464 3907 va-

249 3946 350 4008 rie
387 3943 746 4010 dubitatum
787 3965 927 4009 esse
966 3954 1033 4009 et
1068 3943 1410 4009 iudicatum
1451 3966 1527 4008 ex
1563 3944 2021 4032 interpretibus
2049 3944 2317 4010 Graecis
2356 3967 2463 4011 co-

247 4050 643 4135 gnoscimus.
718 4049 1006 4113 Fuerunt
1051 4052 1215 4114 enim
1260 4052 1367 4133 qui
1414 4070 1549 4113 non
1593 4048 1954 4113 Aristotelis
2002 4069 2140 4113 esse
2185 4048 2354 4114 hunc
2389 4048 2462 4114 li-

247 4150 449 4214 brum
490 4149 608 4215 sed
634 4152 899 4216 Pasiclis
928 4151 1226 4230 dicerent,
1273 4151 1352 4215 cf.
1398 4176 1445 4215 α
1480 4153 1537 4215 l.
1570 4154 1739 4217 9930:
1768 4155 1857 4217 29
1885 4174 2016 4217 var.
2047 4152 2220 4217 lect:
2263 4155 2459 4218 τοῦτο

246 4246 344 4318 τὸ
385 4254 649 4337 βιβλίον
692 4258 754 4319 οἱ
799 4240 1058 4330 naalon&
1101 4256 1311 4343 φασὶν
1355 4248 1521 4320 εἶναι
1565 4256 1978 4333 Πασικλέους
2033 4258 2155 4323 τοῦ
2187 4252 2459 4336 Ῥοδίου,

243 4351 337 4434 ὃς
379 4346 471 4437 ἦν
512 4352 843 4446 ἀκροατὴς
882 4357 1389 4446 Ἀριστοτέλους,
1445 4352 1585 4435 υἱὸς
1637 4359 1706 4426 δὲ
1748 4359 2042 4440 Βοηθοῦ
2083 4361 2203 4426 τοῦ
2243 4355 2460 4439 Εὐδή-
