3043 4973
571 263 735 340 38³3:
1406 266 1467 337 Θ
1512 263 1586 339 2.
1670 263 1939 340 10461).

571 443 834 510 825138&
872 444 933 508 2.
967 442 1046 508 al.
1121 441 1209 506 Et
1247 442 1670 508 rationalibus
1711 442 1969 529 quidem
2011 446 2322 530 potentiis
2366 441 2782 507 adnumeran-

572 549 692 613 dae
738 557 886 612 sunt
929 555 1115 625 artes,
1159 549 1420 624 112-4,
1462 550 1703 634 quippe
1748 569 1910 634 quae
1956 558 2021 612 et
2062 550 2369 634 principia
2415 552 2540 611 sint
2583 557 2779 610 muta-

570 654 763 718 tionis
810 651 948 714 aliis
991 654 1060 715 in
1102 650 1295 715 rebus
1341 650 1737 730 efficiendae,
1783 663 1848 716 et
1888 673 2237 738 suspensae
2275 654 2403 715 sint
2438 673 2474 715 a
2509 649 2779 729 ratione,

571 757 651 821 cf.
693 756 766 821 A
797 758 857 820 1.
902 757 1071 820 9810:
1109 756 1364 820 5-b6,
1424 756 1486 819 Z
1517 759 1577 821 7.
1627 757 1836 821 10:320:
1873 758 1961 822 32
1999 777 2133 841 sqq.
2172 793 2250 807 -
2289 758 2374 819 1³2
2420 749 2522 819 διὸ
2567 755 2784 818 πᾶσαι

571 864 643 924 αἱ
699 861 922 944 τέχναι
975 861 1089 923 καὶ
1145 860 1216 922 αἱ
1270 859 1603 938 ποιητικαὶ
1659 860 1769 923 καὶ
1827 862 2182 944 ἐπιστῆμαι
2235 854 2541 941 δυνάμεις
2596 858 2779 922 εἰσίν.

570 965 749 1028 Haec
805 974 876 1027 ut
931 962 1132 1049 vulgo
1193 961 1569 1028 exhibentur
1625 985 1710 1028 ne
1754 984 1872 1049 per
1915 966 2349 1051 grammaticas
2393 961 2647 1047 quidem
2690 959 2788 1023 le:

571 1087 689 1156 ges
731 1066 881 1131 ferri
928 1076 1226 1152 possunt,
1286 1064 1402 1130 sed
1453 1064 1784 1133 addendus
1834 1054 2003 1133 esset
2047 1078 2194 1133 ante
2239 1067 2594 1150 ἐπιστῆμαι
2637 1065 2784 1128 arti2-

574 1170 753 1235 culus
812 1173 882 1234 αἱ
942 1192 1078 1235 cum
1129 1169 1305 1235 Alex.
1351 1193 1414 1255 p.
1452 1171 1601 1259 538,
1649 1172 1733 1235 14
1784 1182 1849 1235 et
1895 1171 2037 1237 edd.
2086 1170 2228 1236 Ald.
2277 1169 2491 1257 Sylb„
2549 1178 2622 1233 ut
2678 1167 2786 1232 hic

574 1284 744 1339 esset
799 1273 1138 1340 verborum
1197 1294 1448 1339 sensus:
1503 1275 1720 1339 πᾶσαι
1774 1278 1846 1338 αἱ
1902 1279 2124 1361 τέχναι
2177 1276 2289 1339 καὶ
2335 1277 2406 1338 αἱ
2448 1272 2787 1351 ποιητικαὶ

572 1379 683 1443 καὶ
729 1380 800 1441 αἱ
843 1378 1249 1463 θεωρητικαὶ
1291 1371 1440 1458 ἤτοι
1484 1381 1554 1441 αἱ
1600 1378 1970 1463 ἐπιστῆμαι,
2015 1377 2122 1466 ubi
2170 1376 2422 1463 quidem
2461 1378 2657 1460 τέχνη
2691 1369 2788 1437 la-

574 1484 741 1547 tiore
797 1480 906 1545 illa
964 1484 1235 1546 notione
1292 1491 1658 1568 usurpatum
1720 1492 1913 1561 esset,
1969 1481 2054 1548 de
2107 1503 2230 1567 qua
2276 1480 2509 1545 dietum
2559 1488 2656 1543 est
2699 1476 2784 1541 ad

573 1586 645 1651 Α
684 1589 740 1650 1.
777 1609 839 1671 p.
872 1586 978 1650 46.
1026 1584 1189 1679 ‘Sed
1232 1587 1626 1651 theoreticae
1674 1583 2068 1671 disciplinae,¹
2116 1607 2277 1670 quae
2324 1581 2783 1672 cognoscendo

575 1689 996 1756 absolvuntur
1038 1711 1247 1775 neque
1292 1699 1461 1754 extra
1507 1711 1578 1754 se
1621 1709 1784 1775 opus
1823 1689 2019 1754 ullum
2061 1688 2421 1776 perficiunt,
2464 1708 2599 1752 non
2635 1707 2786 1772 pos-

575 1804 725 1874 sunt
764 1794 991 1858 referri
1037 1792 1118 1858 ad
1164 1788 1372 1881 ἀρχάς
1415 1786 1897 1877 μεταβλητικοὶς
1941 1798 2011 1859 ὲν
2054 1787 2288 1876 ἄλλῳ.
2379 1793 2597 1878 Itaque
2642 1809 2786 1853 cum

573 1897 914 1964 Brundisio
975 1895 1249 1962 secutus
1282 1893 1845 1983 interpretationes
1891 1900 2070 1962 Bess.
2120 1907 2183 1962 et
2226 1897 2375 1982 Sep.
2431 1894 2784 1961 sanandum

521 2018 525 2022 ·
576 2001 788 2066 locum
832 2002 1170 2067 arbitratus
1216 2023 1353 2067 sum
1397 2023 1535 2068 non
1581 1999 1881 2066 addendo
1936 1999 2216 2066 articulo
2262 2000 2378 2066 sed
2437 1997 2787 2064 omittenda

575 2115 736 2191 part.
780 2107 894 2168 καί
939 2115 1084 2171 ante
1130 2107 1511 2188 ἐπιστῆμαι,
1571 2125 1735 2192 quae
1796 2127 1869 2169 ex
1927 2107 2152 2169 iterata
2198 2125 2315 2190 per
2360 2123 2638 2169 errorem
2683 2124 2789 2167 ex-

575 2219 775 2274 trema
817 2231 879 2271 v.
925 2213 1258 2287 ποιητικαί
1305 2208 1556 2294 syllaba
1600 2207 1787 2273 facile
1831 2212 2042 2294 potuit
2085 2211 2269 2273 oriri:
2313 2210 2521 2273 πᾶσαι
2570 2211 2640 2270 αἱ
2682 2209 2788 2270 τὲ·-

569 2334 730 2399 χναι
760 2312 873 2376 καὶ
904 2301 976 2376 αἱ
1008 2314 1341 2391 ποιητικαὶ
1374 2312 1747 2396 ἐπιστῆμαι.
1824 2312 2163 2378 Addidisse
2195 2323 2406 2377 autem¹
2442 2310 2524 2375 ad
2558 2315 2789 2395 τέχνας

577 2438 700 2507 pro
743 2431 1113 2504 synonymo
1158 2411 1280 2495 τὰς
1320 2410 1664 2496 ποιητικὰς
1707 2411 2071 2501 ἐπιστήμας
2125 2426 2468 2503 propterea
2517 2415 2787 2493 videtur,

579 2544 710 2610 quo
753 2525 954 2609 magis
1000 2530 1330 2607 appareat,
1382 2532 1549 2585 artes
1595 2544 1630 2584 a
1675 2525 1926 2585 ratione
1973 2530 2038 2585 et
2080 2525 2340 2587 scientia
2385 2524 2482 2585 rei
2527 2535 2786 2607 suspen·

576 2648 679 2692 sas
728 2644 887 2691 esse.
961 2626 1047 2689 Et
1090 2620 1448 2708 ἐπιστήμης
1492 2625 1744 2710 quidem
1784 2629 2115 2690 notionem
2153 2625 2421 2713 perinde
2460 2626 2646 2690 latius
2681 2645 2787 2709 ex-

577 2731 783 2796 tendit
827 2751 901 2794 ac
943 2730 1019 2794 A
1062 2731 1122 2792 9.
1170 2726 1382 2794 1075a
1419 2724 1506 2792 1;·
1535 2731 1640 2794 ἐπὶ
1684 2732 1804 2813 μὲν
1848 2732 1980 2794 τῶν
2022 2733 2373 2808 ποιητικῶν
2417 2730 2788 2812 ἐπιστημῶν

578 2837 619 2898 i.
656 2856 710 2898 e.
758 2834 865 2897 ἐπὶ
907 2832 1039 2896 τῶν
1080 2834 1339 2915 τεχνῶν,
1387 2832 1464 2896 cf.
1500 2832 1676 2896 Alex.
1718 2831 1798 2896 ad
1834 2833 1894 2897 h.
1927 2832 1970 2895 l.
2010 2858 2073 2920 p.
2105 2832 2402 2911 689,'17:
2448 2825 2790 2912 ποιητικὰς

581 2937 650 3002 δὲ
694 2930 1056 3017 ἐπιστήμας
1109 2929 1611 3020 καταχρώμενος
1665 2935 1759 3017 τῷ
1805 2937 1919 3014 τῆς
1962 2934 2320 3021 ἐπιστήμης
2364 2933 2642 3022 ὀνόματι
2683 2939 2783 3001 λέ-

578 3062 678 3124 γει
723 3031 1145 3119 οἰκοδομικὴν
1188 3038 1300 3101 καὶ
1343 3032 1463 3113 τὰς
1506 3034 1778 3119 ὁμοίας..

714 3144 917 3208 10461)
944 3144 984 3206 4
1028 3142 1166 3206 καὶ
1211 3145 1293 3206 αἱ
1337 3178 1418 3191 -
1460 3141 1547 3205 24
1586 3135 1812 3225 λόγῳ.
1890 3142 2322 3208 Rationalium
2364 3153 2426 3208 et
2459 3147 2788 3209 irrationa-

579 3248 730 3314 lium
776 3247 1205 3333 potentiarum
1250 3246 1376 3309 hoc
1421 3254 1519 3310 est
1561 3249 1971 3333 praecipuum
2020 3247 2373 3326 discrimen,
2418 3240 2593 3334 quod
2634 3251 2787 3311 irra-

579 3351 855 3417 tionales
900 3349 1191 3437 singulae
1238 3371 1527 3437 quaeque
1575 3372 1771 3415 unum
1816 3352 2136 3438 quidpiam
2181 3335 2549 3438 perficiunt,
2585 3350 2786 3416 'veluti

583 3457 950 3520 calefactiva
997 3457 1286 3539 potentia
1335 3456 1611 3520 calorem
1659 3474 1868 3541 neque
1917 3457 2137 3521 eadem
2165 3457 2402 3545 frigus
2445 3455 2784 3521 rationales

578 3581 737 3624 vero
786 3557 1045 3622 eaedem
1095 3564 1409 3623 contraria
1453 3570 1726 3645 possunt
1771 3554 2055 3639 efficere,
2110 3558 2310 3624 veluti
2364 3560 2679 3624 medicina
2725 3569 2786 3624 et

581 3666 913 3728 sanitatem
932 3654 1018 3729 -et‘
1036 3662 1349 3727 morbum.
1415 3662 1727 3728 Nimirum
1772 3660 2117 3729 rationales
2154 3686 2189 3728 a
2220 3668 2482 3729 scientia
2512 3668 2606 3729 rei
2634 3685 2785 3751 pen-

583 3766 736 3831 dmt
783 3777 848 3832 et
883 3761 1074 3853 λόγῳ,
1112 3768 1385 3830 scientia
1422 3766 1630 3830 autem
1668 3768 1888 3835 eadem
1932 3779 2029 3835 est
2063 3773 2540 3847 contrariorum,
2585 3768 2666 3832 cf.
2708 3766 2786 3832 ad

580 3871 649 3935 B
678 3872 740 3935 2.
770 3873 939 3936 9960:
963 3872 1078 3947 203
1127 3890 1497 3957 quamquam
1537 3892 1654 3957 per
1689 3893 1758 3937 se
1802 3871 2056 3959 quidem
2091 3876 2355 3938 scientia
2387 3875 2672 3959 pertinet
2708 3870 2786 3936 ad

582 3967 754 4049 εἶδος
790 3975 1025 4054 (δηλοῖ
1060 3969 1138 4039 τὸ
1172 3977 1450 4063 πρᾶγμα
1485 3979 1589 4054 ⁶8,
1633 3979 1773 4041 ἔστι
1809 3974 1866 4041 δ’
1901 3973 1987 4052 ὡς
2022 3980 2148 4042 τοῦ
2174 3974 2585 4064 ὑπάρχοντος
2619 3978 2786 4061 μᾶλ·

581 4078 702 4143 λον
739 4079 840 4155 ὂ9,
885 4082 925 4141 i.
959 4099 1012 4142 e.
1058 4080 1180 4144 τοῦ
1220 4075 1614 4164 πράγματος
1656 4084 1790 4147 sive
1834 4083 1954 4146 τοῦ
1999 4079 2266 4163 εἴδους),
2309 4080 2400 4147 ad'
2425 4085 2782 4167 oppositam

584 4182 644 4244 ei
686 4182 1110 4266 privationem
1155 4186 1244 4247 ita
1291 4195 1531 4248 tantum
1576 4185 1852 4249 referun-
1907 4204 2022 4269 per
2073 4185 2398 4264 accidens,
2456 4188 2600 4271 quia
2645 4204 2781 4248 cum

584 4284 1010 4351 affirmatione
1066 4285 1249 4350 simul
1302 4290 1713 4374 negationem
1765 4287 2218 4353 circumscribit
2257 4285 2634 4376 (ἀποφάσει
2676 4288 2785 4352 καὶ

585 4385 907 4479 ἀποφορᾷ
942 4391 1089 4470 ὂ13,
1138 4391 1250 4468 15,
1306 4390 1383 4454 cf.
1431 4389 1495 4469 Z
1536 4394 1595 4456 7.
1643 4390 1845 4457 10:321>
1882 4394 1952 4458 2:
2011 4392 2140 4459 τῶν
2183 4392 2498 4459 ἐναντίων
2540 4387 2784 4480 τρόπον
