3043 4973
1134 244 1211 314 A
1258 240 1329 315 6.
1401 239 1631 315 987b.
2141 326 2164 333 ,
2390 240 2489 316 ss

288 418 413 482 sint
456 426 524 483 et
569 436 649 483 ex
693 415 855 483 ideis
898 426 1363 505 nuncupentur.
1410 454 1490 468 —
1552 416 1753 503 Quod
1810 427 2019 483 autem
2075 437 2344 483 omnes
2387 439 2490 484 res

287 521 624 587 sensibiles
670 519 1014 587 secundum
1059 520 1237 586 ideas
1280 522 1582 589 formatas
1630 544 1769 587 esse
1814 521 2200 601 dicit,.huic
2239 533 2494 588 senten-

284 628 414 690 tiae
457 646 597 691 non
643 635 743 689 est
784 646 896 690 cur
937 647 1295 714 repugnare
1340 636 1636 713 putemus
1674 625 1847 714 quod
1877 625 2028 692 alibi
2059 625 2294 693 diserte
2324 647 2493 691 com-

286 738 627 808 memorat,
684 748 818 794 non
874 732 1157 795 omnium
1205 751 1414 796 rerum
1459 729 1847 796 sensibilium
1893 751 1968 797 ex
2015 730 2306 797 doctriua
2351 729 2494 795 Pla·

288 836 501 897 tonica
545 832 914 898 statuendas
960 855 1102 899 esse
1144 833 1351 913 ideas,
1396 832 1511 898 sed
1549 847 1772 899 'earum
1815 833 2013 900 modo
2060 856 2224 921 quae
2265 844 2491 899 natura

288 940 720 1015 constiterint,
766 937 845 1003 cf.
890 936 974 1002 ad
1016 940 1078 1003 9.
1125 939 1287 1003 99Ιό
1322 940 1395 1014 63
1459 939 1749 1004 nimirum
1794 932 2097 1019 αἴσθητά
2143 975 2222 990 —·
2268 933 2492 1004 πάντα

285 1043 388 1107 ὂ8.
418 1045 463 1107 9
506 1042 636 1107 hoc
681 1040 832 1107 loco
878 1064 951 1106 ea
994 1040 1195 1106 modo
1240 1039 1657 1129 intelligenda
1702 1052 1865 1121 sunt,
1909 1044 1973 1106 in
2017 1042 2251 1128 quibus
2287 1046 2492 1108 omnis

285 1147 446 1211 haec
502 1167 828 1211 causarum
885 1148 1175 1231 quaestio
1231 1155 1547 1230 versatur,
1604 1138 1690 1210 w}
1733 1141 1927 1234 φύσει
1971 1147 2359 1213 συνεστῶτα.
2407 1181 2489 1199 -

286 1249 490 1335 Quod
536 1270 639 1314 res
682 1247 1017 1314 sensibiles
1059 1242 1232 1313 uara?
1275 1251 1504 1328 ταῦτα,
1548 1250 1589 1314 ἰ.
1621 1270 1677 1315 e.
1721 1242 1811 1313 τὰ
1840 1247 1995 1330 εἴδη,
2037 1250 2358 1334 λέγεσθαι
2401 1250 2494 1317 di-

284 1357 390 1434 xit,
435 1353 505 1418 id
548 1351 847 1439 explicari
884 1362 950 1417 et
986 1351 1347 1417 confirmari
1379 1363 1647 1440 apparet
1675 1352 1886 1419 verbis
1915 1356 2200 1439 proxime
2230 1375 2494 1440 sequen·

286 1458 485 1523 tibus:
522 1450 696 1522 κατὰ
722 1454 996 1541 μέθεξιν
1025 1453 1175 1545 γὰρ
1206 1453 1372 1524 εἶναι
1401 1450 1487 1522 τὰ
1512 1452 1730 1522 πολλά
1760 1460 1893 1522 τῶν
1927 1452 2324 1540 συνωνύμων
2353 1465 2495 1535 τοῖς

285 1559 527 1627 εἴδεσιν
560 1562 667 1625 ῠ9.
749 1559 935 1645 Quae
977 1559 1177 1625 verba
1224 1582 1595 1648 quamquam
1644 1571 1898 1627 constat
1945 1563 2210 1626 omnino
2256 1564 2351 1626 sic
2396 1584 2495 1627 re-

282 1665 435 1729 ferri
484 1663 566 1728 ad
612 1667 972 1750 superiora,
1027 1673 1238 1730 tamen
1296 1665 1624 1751 quomodo
1668 1668 1806 1753 ipsa
1850 1663 2326 1751 interpretanda
2369 1669 2499 1731 sint

285 1768 674 1834 dissentiunt
714 1770 833 1832 viri
878 1766 1069 1847 docti,
1113 1771 1221 1855 qui
1260 1768 1431 1835 haud
1470 1773 1607 1835 scio
1645 1791 1727 1835 an
1768 1768 2175 1835 difficultates
2212 1772 2335 1856 ipsi
2371 1770 2495 1834 sibi

284 1874 729 1939 facessiverint
769 1874 839 1936 in
880 1871 1094 1937 verbis
1131 1871 1460 1939 intellectu
1499 1873 1829 1941 facillimis.
1896 1871 2043 1955 (Cf.
2079 1870 2379 1938 Trendel.
2413 1873 2498 1938 de

282 1978 449 2044 ideis
495 2002 559 2065 p.
589 1978 679 2043 32
721 1997 858 2063 sqq.
925 1975 1001 2040 A.
1046 1975 1252 2057 Stabr,
1295 1976 1465 2042 Berl.
1496 1979 1707 2044 Wiss.
1749 1977 1974 2043 Jahrb.
2009 1978 2198 2042 1841.
2234 1977 2317 2042 N.
2347 1978 2497 2059 91.)

285 2083 381 2148 Ac
439 2085 710 2169 primum
767 2078 1020 2167 quidem
1078 2079 1254 2166 quod
1308 2079 1391 2146 ad
1446 2092 1682 2148 textum
1742 2085 1968 2147 attinet
2022 2078 2356 2168 probanda
2402 2091 2500 2147 est

284 2190 426 2252 sine
471 2186 674 2251 dubio
721 2187 1025 2270 scriptura
1071 2206 1107 2248 a
1154 2184 1492 2251 Brandisio
1540 2196 1604 2251 et
1646 2185 1949 2252 Bekkero
1995 2194 2282 2271 recepta,
2333 2205 2499 2272 quac

285 2290 440 2356 licet
485 2313 524 2355 a
563 2287 890 2355 codicibus
926 2287 1214 2374 plurimis
1249 2288 1525 2369 recedat,
1570 2301 1779 2356 tamen
1809 2301 1981 2356 certa
2012 2287 2355 2354 Alexandri
2391 2311 2499 2354 au-

284 2399 554 2460 ctoritas
598 2392 745 2480 plus
789 2392 984 2457 habet
1028 2391 1331 2478 ponderis
1375 2416 1560 2481 quam
1606 2394 1896 2460 codicum
1940 2393 2044 2457 vel
2085 2391 2495 2479 plurimorum

286 2520 674 2578 consensus,
731 2500 1100 2586 praesertim
1153 2522 1342 2585 quum
1388 2520 1525 2565 eam
1573 2499 1866 2565 exhibeat
1908 2498 2276 2575 lectionem,
2333 2518 2498 2583 quae

284 2615 562 2691 propter
614 2606 926 2668 rationem
982 2604 1336 2668 sententiae
1388 2603 1497 2669 vel
1548 2603 1631 2668 de
1677 2606 2040 2669 coniectura
2086 2601 2280 2666 fuerit
2320 2603 2500 2665 resti-

286 2707 551 2774 tuenda.
640 2705 957 2793 Explicari
1014 2715 1222 2771 autem
1284 2710 1606 2792 aptissime
1660 2706 1913 2773 videtur
1957 2704 2314 2770 Aristotelis
2357 2725 2499 2769 sen-

288 2818 492 2879 tentia
538 2812 636 2877 bis
681 2809 891 2876 verbis
920 2808 1293 2875 Alexandri:
1336 2806 1508 2876 κατὰ
1550 2808 1825 2897 μέθεξιν
1866 2802 1995 2896 γὰρ
2038 2801 2117 2873 τὸ
2162 2802 2330 2873 εἶναι
2371 2809 2501 2893 ἔχει

286 2915 374 2983 τοὶ
435 2910 745 2997 αἰσθητά
798 2937 868 2979 τε
926 2916 1037 2981 καὶ
1095 2910 1444 3000 συνώνυμα
1498 2923 1640 2992 τοῖς
1694 2913 1914 2993 εἴδεσι,
1968 2908 2094 2995 τὴν
2134 2913 2267 2978 τῶν
2312 2911 2500 2978 εἰδῶν

287 3046 350 3108 p.
383 3023 494 3100 38,
534 3022 636 3085 11.
704 3020 956 3084 Etenim
1001 3012 1172 3083 κατὰ
1215 3016 1490 3103 μέθεξιν
1534 3015 1703 3085 εἶναι
1746 3017 1973 3084 eodem
2018 3014 2215 3081 modo
2263 3014 2497 3080 dictum

290 3136 417 3205 est,
478 3136 554 3190 ut
596 3121 820 3200 ἁπλῶς
862 3119 1053 3201 εἶναι,
1109 3122 1248 3198 πῶς
1292 3117 1487 3202 εἶναι,
1543 3117 1715 3187 κατὰ
1767 3113 2179 3205 συμβεβηκὸς
2223 3115 2391 3184 εἶναι
2435 3128 2501 3183 et

289 3229 552 3307 similia,
596 3249 759 3315 quae
800 3226 1232 3316 vulgatissima
1276 3237 1425 3292 sunt
1469 3225 1638 3313 apud
1684 3224 2109 3291 Aristotelem.
2197 3221 2497 3286 Dativum

291 3344 434 3412 τοῖς
468 3332 667 3399 εἴδεσι
696 3340 1069 3396 construere
1100 3353 1238 3396 cum
1267 3328 1561 3415 μέθεξιν,
1605 3328 1780 3418 quod
1809 3327 2016 3394 voluit
2046 3328 2122 3393 A.
2155 3325 2344 3390 Stahr
2375 3325 2416 3390 Ι.
2439 3325 2500 3407 1.,

292 3438 447 3504 licet
489 3435 653 3502 illud
699 3435 947 3523 quidem
990 3457 1109 3522 per
1142 3434 1320 3523 leges
1357 3438 1813 3524 grammaticas,
1857 3432 1974 3498 sed
2015 3433 2119 3496 vix
2151 3428 2499 3517 putandum

296 3554 393 3607 est
436 3541 635 3607 licere
678 3559 798 3626 per
840 3539 1331 3605 collocationem
1372 3540 1745 3620 verborum,
1802 3560 1924 3626 qua
1981 3538 2344 3601 necessario
2388 3534 2502 3601 du-

297 3650 496 3711 cimur
551 3643 636 3710 ad
690 3642 1205 3733 couiuugendum
1262 3642 1539 3709 dativum
1596 3652 1738 3721 τοῖς
1792 3640 1987 3709 εἴδεσι
2031 3663 2172 3705 cum
2216 3635 2504 3707 συνωνύ-

297 3774 457 3834 μων.
535 3745 795 3814 Deinde
837 3741 923 3813 τὰ
966 3742 1183 3813 πολλά
1225 3768 1362 3813 non
1409 3759 1506 3813 est
1547 3743 2092 3835 interpretandum
2137 3742 2501 3829 plurima,

300 3853 471 3941 quod
505 3853 708 3919 schol.
739 3876 804 3939 p.
833 3853 1001 3917 549ae
1029 3853 1130 3929 11,
1173 3862 1427 3917 secutus
1468 3874 1655 3918 unam
1695 3872 1771 3917 ex
1801 3845 2329 3936 explicationibus
2361 3848 2506 3914 Ale-

300 3957 519 4024 xandri
554 3982 616 4044 p.
649 3959 755 4038 38,
787 3957 1003 4033 5-s‚
1047 3957 1398 4042 praecepit:
1444 3953 1653 4041 εἴρηκε
1697 3956 1767 4023 δὲ
1811 3957 2008 4021 τοῦτο
2066 3946 2193 4017 «τὰ
2232 3948 2491 4018 πολλά»

303 4056 409 4125 διὰ
452 4056 532 4127 τὸ
578 4055 673 4147 μὴ
719 4056 986 4127 πάντων
1028 4059 1208 4136 ἰδέας
1247 4053 1367 4126 τὸν
1396 4056 1743 4125 Πλάτωνα
1789 4058 2137 4136 τίθεσθαι,
2181 4058 2310 4122 hoc
2338 4060 2504 4123 enim

305 4174 695 4253 repugnaret
723 4164 930 4230 verbis
960 4162 1413 4250 superioribus,
1437 4164 1663 4249 quibus
1693 4156 1777 4227 τὰ
1805 4155 2109 4240 αἰσθητοὶ
2135 4201 2215 4214 -
2240 4157 2506 4227 πάντα

305 4267 384 4333 ad
439 4291 727 4334 normam
772 4267 1066 4333 idearum
1125 4267 1394 4332 formata
1444 4265 1820 4332 Aristoteles
1865 4265 2136 4342 dixerat3
2196 4265 2508 4351 explican-

308 4371 448 4439 dum
494 4376 717 4461 potius
759 4368 845 4438 τὰ
888 4368 1104 4438 πολλά
1150 4392 1225 4437 ex
1271 4372 1604 4465 notissimo
1650 4370 1763 4438 illo
1808 4370 2093 4436 Platonis
2139 4391 2286 4450 usu,
2333 4366 2508 4455 quod
