3043 4973
553 229 695 305 538
1363 237 1471 306 Μ
1510 230 1580 305 5.
1664 230 1852 306 1079
1868 231 1933 305 b.

551 405 877 493 disputare
922 416 987 474 et
1029 411 1116 473 ita
1157 410 1407 475 veritati
1448 411 1968 496 appropinquare
2005 418 2249 496 potest;
2296 409 2409 475 sed
2449 431 2523 473 ea
2561 430 2753 496 quum

550 521 777 597 postea
815 511 1062 576 demum
1103 513 1224 593 (cf.
1256 514 1328 578 A
1356 515 1417 578 6.
1449 514 1612 579 987⁶
1636 513 1779 592 32),
1824 522 1895 577 ut
1929 523 2063 577 erat
2095 535 2133 577 a
2171 513 2471 599 sophistis
2504 512 2581 576 ad
2621 512 2754 578 elu-

552 614 852 694 dendam,
896 638 930 679 a
977 614 1247 682 Platone
1293 617 1374 682 ad
1420 614 1864 685 inveniendam
1910 619 2240 682 veritatem
2286 629 2584 703 usurpata
2627 618 2751 698 (cf.

549 718 815 806 Heyder
847 719 994 784 krit.
1029 721 1242 786 Darst.
1277 722 1306 785 1
1347 723 1410 786 1.
1448 745 1511 806 p.
1540 722 1741 799 125),
1799 720 1878 784 ab
1926 720 2275 786 Aristotele
2321 723 2625 786 scientiae
2669 720 2755 785 ad

549 825 812 889 formam
844 823 1103 888 redacta
1138 835 1323 904 esset,
1367 825 1665 890 Socrates
1709 825 2020 910 profecto,
2065 836 2139 890 ut
2171 822 2614 889 ratiocinando
2642 823 2757 889 ali-

550 928 702 1016 quid
746 931 1035 993 invenire
1081 938 1329 1014 posset,
1376 931 1443 993 in
1491 927 1871 993 definiendis
1919 929 2292 995 notionibus
2336 930 2602 1015 primam
2643 928 2757 994 de-

547 1033 743 1099 bebat
785 1053 861 1097 ac
894 1035 1299 1119 praecipuam
1339 1055 1597 1120 operam
1641 1032 1980 1099 collocare.
2057 1035 2221 1114 (⁶26
2266 1034 2400 1098 τῶν
2442 1034 2759 1098 ἐναντίων

548 1139 683 1202 κτλ.
729 1137 806 1201 cf.
842 1134 924 1200 ad
951 1134 1021 1200 B
1049 1139 1110 1200 2.
1144 1140 1312 1203 996α
1336 1139 1484 1217 20.)
1555 1139 1815 1203 Praeter
1854 1137 2263 1203 definitiones
2300 1140 2595 1202 inventos
2630 1139 2759 1222 pri-

550 1263 716 1307 mum
763 1262 800 1304 a
844 1241 1111 1305 Socrate
1158 1243 1263 1306 Ar.
1325 1241 1479 1307 dicit
1533 1236 1685 1319 τοὺς
1740 1237 2122 1318 ἐπακτικοὺς
2176 1238 2412 1325 λόγους
2451 1243 2616 1320 «228,
2672 1240 2756 1305 cf.

550 1344 820 1410 Brandis
866 1344 1100 1410 Gesch.
1147 1346 1208 1410 11
1256 1348 1314 1410 1.
1359 1370 1423 1433 p.
1457 1349 1559 1413 50.
1611 1385 1689 1399 —
1737 1347 1867 1411 lam
1913 1347 2026 1411 has
2073 1344 2512 1424 definitiones,
2558 1368 2593 1410 a
2638 1345 2761 1410 So·

551 1462 724 1517 crate
751 1452 1097 1537 praecipuo
1129 1450 1345 1516 studio
1378 1454 1805 1540 investigatas,
1845 1450 2030 1515 Plato
2065 1452 2337 1516 seiunxit
2371 1453 2478 1530 (οἱ
2513 1446 2572 1514 δ’
2600 1444 2761 1535 ἐχώ-

549 1577 762 1643 ρισαν,
807 1556 887 1620 cf.
919 1554 999 1620 ad
1030 1555 1102 1619 A
1132 1557 1193 1620 6.
1224 1556 1386 1622 987⁶
1410 1559 1491 1637 8)
1542 1579 1576 1619 a
1623 1577 1831 1621 rerum
1878 1555 2267 1622 sensibilium
2308 1556 2762 1621 communione

550 1670 618 1726 et
658 1672 972 1748 tamquam
1016 1661 1403 1728 substantias
1445 1686 1563 1749 per
1606 1684 1676 1728 se
1722 1684 1863 1728 esse
1907 1666 2147 1728 statuit.

684 1767 888 1833 1078b
910 1768 998 1831 32
1032 1762 1232 1832 ὥστε
1266 1806 1354 1818 -
1389 1771 1449 1834 5.
1485 1768 1695 1833 108οα
1724 1770 1804 1832 ll
1840 1768 2530 1853 τεθεωρημένοις.
2595 1768 2760 1832 Eae-

551 1869 694 1937 dem
741 1874 1021 1936 rationes
1059 1869 1140 1934 ad
1178 1871 1548 1937 refutandas
1580 1870 1865 1937 Platonis
1901 1871 2080 1937 ideas
2118 1893 2326 1959 prope
2363 1871 2584 1938 iisdem
2619 1893 2763 1936 ver·-

550 1975 652 2041 bis
683 1975 802 2057 (cf.
826 1997 1114 2062 prooem.
1137 1998 1197 2062 p.
1217 1979 1322 2042 27.
1365 1977 1527 2044 obs.
1553 1999 1615 2062 p.
1639 1978 1767 2058 67)
1802 1978 2129 2062 expositae
2159 1986 2308 2042 sunt
2335 1978 2407 2042 A
2438 1979 2499 2042 9.
2530 1978 2689 2042 9906
2711 1979 2761 2042 6

550 2082 814 2145 -991ὁ
837 2083 897 2159 9,
935 2080 1046 2146 ubi
1085 2103 1191 2145 eas
1226 2081 1484 2146 uberius
1523 2080 1814 2166 explicui.
1879 2083 2086 2146 Pauca
2118 2091 2357 2146 tautum
2387 2080 2583 2146 verba
2611 2080 2763 2145 huic

550 2183 717 2248 libro
763 2194 914 2248 sunt
946 2188 1203 2271 propria
1243 2187 1444 2251 1079ὁ
1468 2186 1512 2249 3
1551 2190 1605 2249 εὶ
1641 2185 1710 2250 δὲ
1748 2177 1834 2249 τὰ
1876 2222 1957 2236 -
1993 2186 2076 2249 ll
2116 2189 2319 2268 γένος,
2365 2207 2528 2272 quae
2565 2207 2757 2270 quum

549 2286 1000 2352 Aristoteleam
1033 2290 1311 2353 referant
1340 2287 1824 2377 argumentandi
1852 2292 2165 2355 rationem
2203 2301 2267 2355 et
2297 2312 2437 2354 cum
2468 2293 2560 2367 iis,
2598 2310 2760 2374 quae

552 2393 838 2477 proxime
883 2401 1032 2456 sunt
1078 2393 1414 2479 disputata,
1462 2396 1781 2479 aptissime
1828 2397 2182 2473 concinant,
2227 2397 2435 2480 primo
2479 2396 2547 2457 in
2587 2393 2758 2458 libro

548 2499 786 2561 omissa
844 2519 984 2563 esse
1031 2498 1269 2564 Trend.
1318 2499 1398 2564 de
1443 2499 1528 2563 id.
1574 2522 1636 2585 p.
1669 2501 1757 2563 22
1813 2519 1947 2563 non
2005 2503 2143 2564 sine
2203 2501 2487 2564 veritatis
2543 2501 2759 2586 specie

553 2605 923 2687 suspicatur.
982 2604 1235 2668 Etenim
1267 2612 1472 2681 antea,
1508 2605 1719 2669 1079·
1742 2604 2041 2682 33-123,
2075 2603 2453 2668 Aristoteles
2484 2624 2617 2667 non
2649 2605 2761 2667 mi-

550 2728 746 2772 nores
792 2709 1092 2772 exsistere
1136 2705 1545 2772 difficultates
1589 2706 2062 2786 demonstravit,
2106 2711 2240 2772 siire
2271 2711 2413 2794 quis
2442 2705 2620 2771 ideas
2649 2728 2760 2772 na-

553 2822 734 2877 turae
780 2834 859 2880 ac
898 2813 1213 2890 notionis,
1272 2815 1408 2876 sive
1456 2814 1731 2876 nominis
1777 2822 2017 2876 tantum
2066 2816 2572 2877 communionem
2620 2834 2758 2875 cum

552 2916 744 2980 rebus
788 2914 1194 2980 sensibilibus
1239 2914 1476 2980 babere
1523 2917 1829 2980 statuerit.
1916 2917 2045 2980 Iam
2094 2915 2271 2981 addit
2316 2937 2402 2980 ne
2444 2937 2582 2980 eam
2628 2917 2758 3000 qui-

556 3018 698 3084 dem
742 3022 907 3084 viam
953 3018 1240 3103 relinqui,
1287 3040 1470 3104 quam
1518 3022 1658 3104 quis
1703 3022 1880 3104 quasi
1918 3019 2186 3084 mediam
2225 3022 2394 3085 inter
2426 3031 2759 3105 utrumque

552 3124 806 3213 ingredi
850 3125 968 3189 sibi
1014 3144 1210 3210 posse
1243 3122 1551 3202 videatur,
1597 3133 1669 3188 ut
1703 3123 1888 3202 dicat,
1934 3127 2263 3190 notionem
2304 3124 2490 3190 ideae
2525 3123 2759 3203 circuli,

553 3240 627 3293 ut
669 3230 795 3294 boc
836 3240 1087 3295 utamur
1131 3227 1453 3314 exemplo,
1511 3230 1884 3312 ceteroquin
1936 3229 2201 3294 eandem
2247 3249 2389 3294 esse
2433 3251 2510 3293 ac
2551 3231 2760 3294 notio-

555 3354 702 3399 nem
759 3331 1181 3399 universalem
1242 3332 1621 3398 circulorum
1680 3333 2102 3412 sensibilium,
2161 3334 2276 3399 sed
2329 3334 2634 3399 accedere
2678 3331 2761 3397 ad

555 3440 887 3503 notionem
932 3436 1118 3502 ideae
1163 3436 1382 3503 circuli
1427 3437 1569 3514 hoc,
1623 3436 1796 3522 quod
1847 3448 1944 3502 est
1989 3437 2309 3524 exemplar
2352 3436 2763 3515 sensibilium,

557 3537 636 3606 τὸ
682 3537 741 3605 δ’
781 3530 862 3606 οὗ
905 3543 1043 3606 ἐστὶ
1085 3536 1620 3627 προστεθήσεται
1660 3544 1765 3607 ῠ6.
1855 3544 2001 3607 Hoc
2051 3546 2218 3606 enim
2263 3561 2527 3629 prorsus
2570 3543 2762 3606 inane

557 3666 698 3710 esse
742 3644 1088 3710 contendit.
1169 3646 1333 3709 Nam
1379 3645 1570 3730 quum
1617 3648 1799 3711 notio
1844 3648 1964 3712 τοῦ
2007 3643 2408 3712 αὐτοκύκλου
2452 3669 2526 3711 ex
2569 3645 2763 3732 pluri-

557 3749 675 3814 bus
719 3753 895 3814 notis
939 3751 1290 3835 composita
1336 3752 1446 3827 sit,
1493 3772 1754 3836 quarum
1801 3770 2092 3837 quaeque
2138 3759 2203 3813 et
2247 3752 2382 3837 ipsa
2428 3749 2615 3815 ideae
2658 3750 2765 3813 ba-

556 3851 709 3918 beat
764 3854 1135 3942 dignitatem
1195 3862 1261 3917 et
1316 3863 1636 3918 aeternam
1682 3864 1996 3932 naturam,
2053 3858 2155 3919 cui
2204 3876 2278 3918 ex
2322 3855 2420 3919 bis
2467 3854 2766 3919 adiicien-

556 3956 708 4022 dum
766 3962 846 4023 sit
901 3957 1063 4024 illud
1119 3956 1643 4036 additamentum,
1702 3979 1836 4024 non
1879 3966 2099 4044 potest
2142 3956 2416 4023 decerni.
2507 3956 2766 4024 Deinde

557 4060 718 4126 illud
752 4061 1242 4128 additamentum
1281 4085 1471 4147 quum
1505 4072 1704 4128 notae
1743 4061 1891 4126 loco
1928 4061 2239 4127 inclusum
2275 4065 2359 4128 sit
2390 4065 2459 4127 in
2495 4064 2767 4127 notione

558 4164 760 4243 ideae,
796 4176 861 4230 et
895 4169 1098 4251 ipsum
1137 4166 1462 4252 oportebit
1495 4166 1702 4230 ideam
1735 4187 1877 4231 esse
1911 4166 2034 4247 (cf.
2065 4164 2145 4230 ad
2174 4168 2234 4229 Z
2257 4168 2360 4231 14.
2394 4168 2597 4232 1o395
2625 4167 2765 4245 ll),

559 4280 632 4335 ut
672 4262 751 4334 τὸ
793 4264 1213 4357 παράδειγμα
1258 4265 1456 4348 εἶναι,
1511 4273 1811 4355 quoniam
1858 4269 1942 4335 ad
1986 4290 2208 4338 omnes
2252 4273 2530 4357 pertinet
2571 4268 2767 4347 ideas,

560 4385 872 4461 tamquam
916 4372 1062 4439 idea
1099 4372 1403 4460 ponenda
1442 4374 1526 4437 sit
1561 4375 1629 4438 in
1665 4377 1893 4440 ceteris
1925 4373 2277 4441 dominans.
2346 4371 2547 4461 Quod
2577 4394 2765 4461 quam
