3043 4973
1105 273 1181 342 Z
1231 269 1341 344 14.
1425 269 1612 345 1039
1625 295 1691 344 a.
2357 270 2502 345 349

290 454 641 522 tueremus,
687 466 950 511 necesse
995 456 1189 525 esset,
1245 469 1318 511 ex
1366 446 1653 533 pluribus
1698 447 2095 528 substantiis,
2151 470 2312 535 quae
2358 458 2501 514 actu

289 550 436 626 sint,
478 570 666 612 unam
711 548 852 613 fieri
898 550 1326 615 substantiam.
1420 552 1503 614 At
1548 550 1612 615 id
1659 549 1799 616 fieri
1846 556 2094 639 nequit,
2136 550 2179 631 ἡ
2223 547 2350 639 γὰρ
2396 558 2499 618 ἐν·

287 652 575 735 τελέχεια
612 652 873 738 χωρίζει
910 657 1020 732 a7,
1075 656 1115 718 i.
1149 676 1203 717 e.
1247 651 1289 732 ἡ
1336 655 1688 737 ἐντελέχεια
1744 658 1830 719 ita
1893 667 1989 719 est
2046 655 2305 720 definita
2355 665 2420 720 et
2462 678 2499 719 a

288 754 551 840 reliquis
597 755 918 834 distincta,
961 766 1033 819 ut
1077 777 1238 834 non,
1285 780 1448 842 quae
1492 769 1593 821 est
1637 753 1972 841 δυνάμεως
2016 768 2268 836 natura,
2313 759 2498 823 aliam

287 860 557 943 insuper
610 859 717 923 vel
775 859 1215 925 definitionem
1264 861 1369 925 vel
1416 864 1949 947 compositionem
1993 866 2060 927 in
2105 884 2175 926 se
2220 865 2499 949 recipiat,

289 961 373 1025 cf.
413 961 714 1030 Trendel.
763 963 843 1027 de
889 985 989 1030 an.
1030 987 1092 1049 p.
1123 966 1273 1028 3n2.
1354 964 1449 1028 Ad
1497 964 1993 1030 confirmandam
2039 965 2202 1030 hanc
2248 976 2500 1030 senten-

287 1070 439 1132 tiam
484 1066 838 1131 Democriti
884 1066 1185 1154 placitum
1233 1067 1518 1148 adhibet,
1578 1090 1947 1155 quamquam
1995 1073 2075 1148 ie,
2133 1069 2307 1155 quod
2364 1091 2498 1134 non

284 1168 429 1234 fieri
475 1192 663 1235 unam
710 1171 1123 1236 substantiam
1173 1193 1246 1235 ex
1293 1172 1539 1237 duabus
1588 1172 1741 1237 dixit
1786 1174 1906 1253 (cf.
1954 1174 2034 1238 de
2080 1173 2269 1238 coelo
2306 1175 2398 1238 111
2436 1176 2495 1240 4.

286 1274 460 1338 303a
496 1276 557 1339 6.
616 1274 699 1339 de
744 1296 891 1362 gen.
940 1276 970 1339 1
1014 1276 1075 1341 8.
1121 1277 1291 1342 3250
1328 1278 1481 1358 35),
1528 1275 1713 1342 aliam
1761 1280 2065 1366 cogitavit
2108 1277 2497 1342 substantiae

284 1388 594 1456 naturam,
641 1381 928 1444 nimirum
974 1378 1299 1443 individua
1346 1380 1751 1465 corpuscula,
1795 1376 1880 1445 τὰ
1925 1374 2164 1465 ἄτομα,
2208 1379 2498 1444 substan-

286 1484 410 1545 tias
457 1480 820 1567 appellavit‚
868 1483 947 1547 cf.
995 1481 1280 1548 Mullach
1318 1483 1617 1550 Democr.
1665 1507 1726 1570 p.
1759 1485 1909 1549 387.
1950 1521 2031 1534 —
2073 1486 2164 1549 αδ
2208 1481 2498 1568 ἡμίσεων

286 1579 562 1667 δυνάμει
604 1608 694 1667 γε.
770 1586 1017 1652 Eodem
1061 1588 1180 1666 τῆς
1223 1583 1527 1670 ἡμισείας
1573 1587 1861 1672 exemplo
1908 1590 2116 1651 utitur·
2145 1586 2253 1651 Ar.
2301 1587 2381 1651 ad
2425 1586 2497 1650 il-

282 1686 680 1752 lustrandum
726 1683 804 1753 τὸ
850 1685 1122 1774 δυνάμει
1165 1683 1245 1754 ὅν
1297 1690 1355 1754 Θ
1396 1694 1458 1755 6.
1506 1692 1717 1756 1048a
1753 1692 1860 1755 33.

422 1793 632 1856 10390
669 1794 753 1857 14
799 1794 964 1877 ἔχει
1012 1831 1091 1844 -
1138 1795 1225 1858 23
1269 1795 1605 1877 μᾶλλον.
1696 1795 1812 1858 His
1863 1794 2218 1860 rationibus
2261 1796 2495 1858 invitus

287 1915 372 1959 eo
411 1894 688 1983 adigitur
718 1897 1093 1962 Aristoteles
1137 1907 1210 1962 ut
1252 1897 1664 1962 substantiam
1709 1896 2054 1985 simplicem
2103 1920 2244 1963 esse
2287 1918 2495 1983 neque

283 1996 436 2063 ullis
509 2020 583 2063 ex
652 1999 934 2085 partibus
1009 2003 1422 2086 compositam
1493 2001 1790 2067 confiteri
1857 2001 2119 2079 debeat,
2186 2001 2495 2088 siquidem

165 2157 176 2166 ,
281 2123 495 2187 neque
542 2124 616 2166 ex
662 2103 1044 2181 substantiis,
1091 2104 1301 2169 1039a
1337 2106 1610 2184 2—13,
1655 2127 1865 2191 neque
1913 2128 1988 2170 ex
2033 2103 2494 2184 affectionibus,

286 2207 494 2271 10386
530 2206 620 2270 30
659 2228 809 2292 sqq„
852 2216 1068 2294 potest
1113 2230 1254 2272 esse
1297 2212 1669 2295 composita.
1750 2208 1950 2294 Quod
1996 2211 2047 2271 si
2093 2210 2180 2271 ita
2226 2218 2338 2286 est,
2386 2207 2494 2272 de-

281 2310 456 2374 finiri
502 2309 853 2375 substantia
899 2331 1032 2375 non
1074 2321 1317 2397 potest3
1366 2311 1659 2377 definitio
1702 2316 1867 2378 enim
1906 2321 2156 2376 constat
2193 2333 2267 2376 ex
2305 2315 2496 2398 parti-

282 2413 427 2491 buS,
475 2424 543 2478 et
570 2413 1019 2479 adsciscendae
1052 2414 1302 2500 quidem
1342 2418 1409 2479 in
1447 2415 1884 2481 definitionem
1926 2438 2041 2480 eae
2077 2425 2226 2479 sunt
2264 2424 2494 2502 partes⁷

284 2536 454 2604 quae
497 2521 696 2604 ipsius
741 2527 892 2584 sunt
934 2518 1174 2583 formae
1221 2541 1296 2583 ac
1340 2519 1731 2585 substantiae
1775 2530 2014 2607 parteS,
2061 2541 2198 2604 cap.
2239 2522 2341 2598 10,
2389 2522 2491 2584 11.

285 2624 480 2707 Atqui
539 2622 950 2687 substantiam
996 2621 1100 2685 vel
1145 2621 1345 2686 solam
1394 2622 1497 2686 vel
1541 2627 1932 2709 potissimum
1984 2622 2239 2687 definiri
2285 2630 2494 2708 posse,

284 2737 473 2790 antea
509 2735 605 2790 est
635 2729 1001 2812 expositum,
1032 2727 1276 2809 ἐλέχθη
1305 2721 1687 2805 adamam,
1721 2726 1807 2790 cf..
1823 2749 1959 2812 cap.
1978 2730 2036 2792 4.
2063 2729 2124 2791 5.
2153 2727 2362 2791 1031a
2387 2729 2490 2791 11.

283 2832 444 2896 Eam
490 2831 971 2918 repugnantiam
1018 2841 1245 2915 postea
1286 2851 1355 2893 se
1394 2829 1750 2894 soluturum
1787 2833 2112 2916 promittit.
2191 2832 2285 2895 Ac
2319 2830 2494 2895 vide-

282 2944 392 2998 tur
422 2933 674 3018 quidem
705 2936 994 3021 proximo
1027 2932 1212 3011 libro,
1241 2934 1332 2999 H
1349 2936 1406 3011 6,
1439 2934 1523 2998 ad
1558 2956 1695 2999 eam
1727 2933 1955 3013 redire,
1985 2933 2098 3000 sed
2132 2933 2323 3021 plane
2356 2957 2493 2999 eam

281 3037 417 3102 illic
461 3036 729 3102 solvisse
775 3058 909 3102 non
953 3046 1171 3124 potest
1213 3040 1438 3123 putari.

1137 3296 1367 3373 CAP.
1430 3298 1635 3373 XIV.

424 3442 617 3520 Quae
658 3440 987 3529 hucusque
1028 3441 1364 3526 disputata
1415 3453 1602 3524 aunt,
1661 3441 1754 3505 ad
1801 3441 2222 3528 refutandam
2264 3443 2493 3508 Plato-

279 3550 502 3613 nicam
545 3546 629 3610 de
669 3547 841 3612 ideis
884 3547 1250 3611 doctrinam
1294 3556 1768 3612 convertuntur.
1863 3608 1868 3615 .

416 3665 602 3750 Quae
649 3676 833 3730 antea
882 3669 1202 3751 exposuit,
1262 3666 1702 3731 definitionem
1762 3667 2062 3751 componi
2122 3688 2195 3730 ex
2253 3686 2490 3753 genere

285 3779 353 3834 et
396 3769 758 3835 differentia
806 3791 941 3854 cap.
984 3770 1097 3847 12,
1145 3770 1505 3835 universale
1551 3791 1685 3835 non
1731 3791 1871 3834 esse
1916 3769 2326 3835 substantiam
2372 3791 2493 3833 nec

282 3876 586 3959 componi
629 3872 1040 3938 substantiam
1087 3895 1161 3938 ex
1207 3874 1572 3940 substantiis
1619 3897 1753 3960 cap.
1790 3877 1902 3954 13,
1952 3897 2043 3951 ea,
2089 3884 2160 3939 ut
2204 3876 2490 3960 proxime

280 3981 609 4066 pertinent
662 3976 742 4041 ad
801 3976 1199 4042 iudicandam
1248 3979 1534 4044 Platonis
1594 3977 1944 4042 doctrinam
1993 3977 2074 4042 de
2120 3977 2306 4056 ideis,
2367 3979 2489 4040 iam

282 4082 366 4147 ad
407 4105 546 4147 eam
583 4079 996 4145 refellendam
1027 4081 1409 4147 Aristoteles
1446 4085 1780 4161 convertit,
1827 4084 1912 4146 ita
1952 4090 2179 4159 tamen,
2224 4091 2295 4145 ut
2326 4081 2492 4145 bane

283 4186 636 4251 doctrinam
684 4194 947 4250 eatenus
993 4195 1235 4250 tantum
1284 4190 1569 4264 excutiat,
1617 4197 1925 4271 quatenus
1972 4207 2046 4249 ex
2090 4174 2215 4250 illis
2256 4206 2493 4272 propo-

280 4290 624 4355 sitionibus
668 4288 877 4353 refelli
921 4299 1157 4375 potest.
1247 4291 1390 4353 Hoc
1446 4294 1512 4354 in
1572 4293 1714 4376 ipso
1774 4290 2176 4354 refutationis
2224 4288 2488 4353 exordio

277 4394 620 4482 signifieat,
666 4416 855 4478 quum
903 4391 1079 4457 dicit:
1125 4405 1468 4480 propterea
1514 4394 1796 4461 idearum
1841 4403 2150 4480 patronos
2178 4395 2245 4457 in
2278 4392 2491 4457 absur-
