3043 4973
1150 230 1225 304 B
1271 226 1347 302 4.·
1416 227 1646 304 999⁶.
2358 228 2494 304 155

410 405 585 472 999ae
622 404 709 472 14
752 397 1004 470 πάλιν
1049 402 1133 470 δὲ
1166 435 1261 472 ·-.-
1307 368 1397 471 23’
1439 407 1654 487 γένη.
1733 402 2018 474 Probata
2061 404 2358 476 antimosi
2400 426 2497 471 re-

283 510 554 584 vertitur
582 506 963 576 Aristoteles
1008 506 1090 574 ad
1137 506 1635 574 confirmandam
1680 508 1903 584 thesin,
1947 507 2174 576 eodem
2213 531 2367 576 usus
2402 532 2496 574 ar-

283 621 594 699 gumento
633 633 708 676 ac
742 633 931 697 supra
968 611 1130 676 998⁶
1159 613 1259 688 17,
1305 621 1377 676 ut
1423 633 1497 676 ex
1539 610 1885 678 universali
1928 633 2232 699 generum
2273 624 2493 680 natura

285 715 660 802 dignitatem
705 717 999 800 principii
1043 724 1313 798 repetat.

415 818 722 885 Ceterum
753 819 912 884 baec
941 821 1229 903 quaestio
1264 815 1487 884 eadem
1516 816 1599 882 de
1630 820 1721 902 τῷ
1751 820 1815 883 τί
1850 808 1934 899 ἦν
1970 813 2138 885 εἶναι
2172 829 2237 883 et
2271 816 2353 883 de
2386 839 2497 906 ge-

284 942 439 988 nere
470 922 905 1010 disputatione
935 920 1082 988 libri
1112 922 1175 988 Z
1200 920 1484 1000 solvitur,
1531 943 1653 1008 qua
1690 926 2011 1008 proximae
2041 925 2423 1010 superiores.

1185 1157 1413 1231 CAP.
1470 1158 1598 1230 IV.

755 1317 1071 1395 Quaestio
1116 1327 1365 1384 octava.
1454 1318 1625 1382 999a
1666 1317 1755 1380 24
1778 1355 1862 1367 —
1889 1318 2039 1384 ⁶24.

414 1433 616 1519 Quod
648 1438 770 1504 iam
802 1441 1050 1523 quaerit
1079 1458 1231 1504 num
1263 1435 1413 1521 quid
1443 1438 1525 1500 sit
1555 1445 1806 1521 praeter
1835 1457 1937 1500 res
1968 1435 2250 1523 singulas
2278 1457 2498 1516 necne,

282 1535 347 1604 id
394 1546 522 1604 tam
571 1550 705 1604 arte
746 1541 1047 1606 cohaeret
1090 1563 1231 1608 manu
1277 1542 1653 1625 quaestione
1699 1542 1934 1624 quinta,
1980 1561 2102 1625 qua
2130 1539 2498 1628 indagatum

286 1649 410 1718 est,
465 1652 672 1708 utrum
726 1648 914 1712 unice
954 1643 1259 1712 sensibile
1301 1665 1511 1712 rerum
1553 1664 1766 1731 ,genus
1808 1652 2010 1710 exstet
2049 1664 2134 1707 an
2178 1642 2352 1708 aliud
2395 1643 2500 1710 vel

285 1743 408 1810 alia
438 1744 928 1814 substantiarum
972 1769 1215 1835 genera
1249 1757 1582 1832 praeterea
1613 1746 1917 1833 ponenda
1947 1749 2090 1823 sint,
2134 1755 2205 1810 ut
2234 1757 2499 1832 utraque

287 1846 519 1914 eodem
563 1850 775 1918 redire
818 1850 1129 1918 videatur.
1220 1852 1319 1918 Ac
1358 1872 1513 1916 sane
1558 1872 1629 1915 re
1673 1871 1807 1916 non
1858 1848 2121 1916 mustum
2177 1849 2499 1928 differunt.

286 1951 594 2022 differunt
647 1965 859 2022 autem
910 1953 1260 2040 quaerendi
1312 1964 1504 2039 atque
1549 1952 1979 2041 investigandi
2026 1956 2294 2020 ratione.
2383 1953 2499 2022 111-

287 2059 455 2120 enim
504 2062 792 2142 quaestio
840 2060 1151 2145 originem
1200 2056 1374 2126 duxit
1418 2078 1454 2122 e
1494 2056 1745 2142 placitis
1783 2059 2182 2142 superiorum
2219 2056 2502 2141 philoso-

284 2159 587 2245 phorum:
642 2183 852 2228 rerum
912 2182 1150 2248 genera
1202 2159 1314 2228 alii
1366 2158 1739 2246 philosophi
1784 2159 1907 2226 alia
1951 2170 2336 2236 statuerant,
2393 2160 2501 2224 alii

284 2266 742 2346 acquieverant
785 2267 851 2332 in
896 2263 1183 2330 sensibili
1228 2285 1438 2328 rerum
1485 2284 1746 2350 genere,
1788 2263 1897 2330 alii
1931 2262 2140 2328 ideale
2173 2273 2238 2327 et
2265 2264 2502 2330 mathe-

283 2368 580 2432 maticum
624 2366 1035 2444 addiderant3
1092 2367 1321 2434 horum
1368 2371 1493 2434 utri
1539 2371 1771 2438 rectius
1817 2369 2155 2436 statuerint
2199 2387 2503 2451 quaeren-

287 2467 435 2533 dum
496 2480 624 2548 est,
681 2493 843 2555 quae
897 2473 1186 2556 quaestio
1232 2481 1304 2534 ut
1346 2479 1444 2535 est
1489 2479 1630 2534 orta
1673 2493 1749 2539 ex
1796 2468 2172 2554 placitorum
2217 2479 2501 2535 veterum

218 2574 227 2581 ’
286 2577 798 2658 comparatione,
854 2578 945 2640 ita
1000 2576 1221 2639 haeret
1270 2576 1343 2637 in
1392 2575 1471 2639 iis
1518 2574 1968 2641 examinandis,
2059 2573 2248 2658 Quae
2292 2583 2501 2641 autem

287 2676 414 2743 hoc
455 2676 609 2742 loco
654 2680 867 2764 agitur
910 2679 1219 2762 quaestio,
1265 2697 1341 2740 ea
1387 2679 1655 2761 repetita
1702 2687 1802 2743 est
1846 2699 1919 2741 ex
1964 2678 2101 2761 ipsa
2146 2697 2360 2742 rerum
2394 2698 2503 2743 na—

288 2789 461 2854 tura;
525 2800 665 2845 esse
728 2784 896 2849 enim
948 2777 1286 2847 sensibiles
1331 2799 1436 2844 res
1481 2803 1601 2865 per
1642 2801 1714 2847 se
1760 2780 2157 2847 manifestum
2198 2771 2331 2855 'est3
2385 2778 2503 2847 sed

290 2883 513 2947 harum
570 2904 775 2949 rerum
836 2887 970 2947 sive
1029 2884 1317 2968 cognitio
1363 2885 1499 2949 sive
1545 2886 1682 2969 ipsa
1728 2887 2090 2951 exsistentia
2135 2904 2284 2951 num
2331 2882 2504 2949 aliud

291 2986 443 3071 quid
504 2996 760 3073 praeter
816 2988 986 3071 ipsas
1042 2995 1117 3048 ut
1168 3007 1239 3048 re
1287 3006 1365 3051 ac
1404 2991 1672 3055 veritate
1718 3009 1858 3055 esse
1903 2998 2182 3073 ponatur
2225 2990 2504 3071 requirat

290 3111 514 3169 necne,
560 3091 683 3153 iam
730 3087 1030 3174 disputat.
1098 3089 1311 3172 Atque
1350 3090 1468 3154 hac
1502 3092 1757 3176 quidem
1795 3096 1862 3157 in
1902 3092 2332 3177 disputatione
2368 3110 2503 3155 non

290 3197 353 3258 in
403 3191 793 3259 aestimanda
839 3192 1125 3259 idearum
1166 3190 1456 3259 doctrina
1500 3198 1857 3278 acquiescit,
1902 3193 2017 3259 sed
2060 3192 2142 3256 ad
2181 3196 2501 3257 materiam

294 3308 355 3361 et
412 3297 680 3365 formam
728 3301 1161 3380 quaestionem
1209 3295 1482 3374 deducit,
1533 3318 1741 3383 neque
1795 3319 1875 3365 eo
1922 3294 2216 3381 procedit
2259 3295 2502 3374 ordine,

290 3411 361 3467 ut
403 3404 672 3486 primum
719 3399 1053 3465 confirmet
1098 3398 1329 3465 deinde
1382 3400 1643 3478 refutet,
1698 3386 1812 3469 sed
1871 3399 2193 3485 aliquanto
2254 3398 2504 3484 perple-

290 3507 427 3569 xius
471 3527 510 3568 a
556 3502 997 3569 confirmando
1046 3503 1126 3569 ad
1172 3503 1572 3571 refutandum
1618 3526 1694 3568 ac
1734 3507 2006 3571 vicissim
2053 3506 2296 3569 transit.

424 3607 524 3671 Ac
554 3612 819 3693 primum
851 3606 1122 3691 quidem,
1151 3607 1493 3684 024—29,
1531 3607 1863 3675 sensibiles
1894 3629 2000 3672 res
2027 3609 2325 3692 quoniam
2356 3618 2505 3673 sunt

292 3711 599 3787 infinitae,
644 3709 963 3783 infinitum
1008 3719 1221 3777 autem
1257 3711 1604 3798 cogitando
1645 3709 2102 3796 comprehendi
2141 3714 2375 3794 nequit,
2421 3710 2501 3775 cf.

293 3840 335 3879 α
368 3816 432 3879 2.
464 3816 624 3879 994ὺ
650 3815 754 3891 30,
800 3812 971 3877 effici
1016 3812 1285 3892 videtur,
1329 3817 1382 3877 si
1427 3814 1572 3881 illas
1616 3818 1926 3903 cognosci
1968 3814 2278 3891 volumus,
2325 3825 2396 3879 ut
2423 3817 2504 3881 sit

295 3917 533 4002 aliquid
582 3928 835 4003 praeter
882 3938 1011 3980 eas.
1089 3917 1453 3985 Aristotelis
1496 3917 1580 3983 de
1624 3919 1742 3985 hac
1788 3921 2161 4003 quaestione
2203 3916 2502 3987 iudicium
2555 3938 2558 3941 ·

298 4023 502 4106 repeti
542 4031 761 4105 potest
806 4040 882 4087 ex
926 4021 1049 4083 An.
1095 4031 1264 4104 post.
1309 4022 1340 4087 1
1388 4024 1491 4091 11.
1539 4025 1660 4091 77⁶
1699 4025 1771 4086 5:
1830 4018 1967 4097 εἴδη
2010 4022 2144 4102 μὲν.
2175 4010 2293 4087 οὖν
2338 4017 2505 4089 εἶναι

296 4117 339 4203 ἦ
384 4128 453 4188 ἕν
496 4147 564 4188 τι
604 4119 827 4208 παρὰ
873 4114 968 4187 τοὶ
1013 4123 1273 4189 πολλὰ
1318 4121 1436 4190 οὐκ
1480 4121 1770 4207 ἀνάγκη,
1827 4127 1882 4191 εὶ
1932 4119 2261 4203 ἀπόδειξις
2304 4127 2503 4203 ἔσται,

299 4222 466 4290 εἶναι
520 4231 749 4310 μέντοι
804 4227 874 4291 ἓν
931 4224 1135 4293 κατὰ
1185 4228 1507 4295 πολλῶν
1552 4226 1808 4307 ἀληθὲς
1853 4232 2052 4295 εἰπεῖν
2093 4224 2369 4312 ἀνάγκη.
2415 4262 2501 4277 --

300 4329 602 4397 Ceterum
665 4330 971 4415 apodosis
1031 4334 1348 4397 enunciati
1405 4354 1594 4418 quum
1655 4330 1967 4397 ordienda
2025 4335 2107 4401 sit
2164 4354 2201 4395 a
2258 4335 2388 4395 τῶν
2433 4326 2496 4394 δ’

302 4429 615 4519 ἀπείρων,
671 4433 1040 4519 particulam
1100 4432 1158 4498 δ’
1210 4434 1605 4500 retinendam
1668 4458 1807 4501 esse
1864 4458 1996 4500 non
2047 4457 2305 4522 possum
2353 4433 2501 4497 mihi
