3043 4973
1136 260 1216 328 Α
1264 255 1333 329 5.
1417 247 1597 330 1071
1618 281 1688 329 a.
2366 256 2510 337 483

309 428 435 494 ὂ33
472 430 684 512 υγίεια
719 424 849 513 γάρ
885 448 1024 504 πως
1056 431 1191 495 κτλ.
1237 431 1317 496 cf.
1348 431 1431 496 ad
1460 434 1523 497 3.
1553 432 1768 498 10708
1791 434 1896 498 14.
1928 469 2007 484 -
2038 435 2167 500 ὕ34
2201 436 2300 500 ἔτι
2325 433 2516 525 παρὰ

311 532 523 595 ταῦτα
579 530 678 609 ὡς
729 525 819 596 τὸ
874 534 1137 617 πρῶτον
1186 528 1451 599 πάντων
1493 538 1719 601 κινοῦν
1759 531 2003 602 πάντα.
2092 537 2514 607 Scribeudum

310 635 608 720 profecto
655 647 776 700 est:
822 629 915 700 τὰ
958 632 1055 710 ὡς
1096 637 1377 721 πρῶτον.
1469 636 1669 701 Addit
1711 641 1878 702 enim
1934 637 2017 703 ad
2060 662 2282 706 causas
2326 651 2513 707 antea

311 740 628 823 expositas
673 758 922 802 causam
967 748 1345 816 moventem,
1400 760 1665 825 eamque
1710 751 1780 805 ut
1822 745 2081 827 primam
2128 754 2196 808 et
2237 765 2514 809 commu-

309 862 455 907 nem
499 841 793 907 omnibus
840 841 1174 928 distinguit
1217 863 1255 906 a
1299 841 1571 930 sing-ulis
1616 843 2007 932 singularum
2050 867 2263 912 rerum
2307 851 2514 915 causis

308 945 729 1010 moventibus.

1213 1183 1443 1258 CAP.
1509 1185 1599 1259 V.

438 1346 523 1421 9)
568 1342 1103 1409 δαόειαηιίαηωι
1143 1365 1388 1408 causae
1428 1345 1626 1409 etiam
1670 1344 2102 1411 accidentium
2141 1358 2299 1414 eunt
2323 1352 2512 1434 prin-

307 1448 504 1531 cipia,
554 1449 755 1514 10701»
779 1447 1108 1512 36—107
1115 1449 1191 1512 la
1217 1446 1278 1510 3.

438 1565 878 1644 Substantias,
935 1568 1024 1629 ait
1070 1566 1207 1641 Ar.,
1266 1566 1604 1649 separatim
1649 1584 1726 1627 ac
1763 1584 1890 1649 *per
1931 1586 2002 1629 se
2048 1570 2381 1646 exsistunt,
2429 1568 2511 1633 cf.

309 1669 370 1732 Z
406 1672 476 1745 13
534 1669 779 1755 reliqua
823 1671 1037 1733 omnia
1081 1667 1280 1732 veiuti
1324 1666 1730 1745 affectiones,
1784 1678 1998 1732 motus
2040 1669 2150 1748 aL,
2194 1672 2513 1755 quoniam,

307 1781 380 1835 ut
414 1773 541 1835 sint
576 1774 858 1849 omnint),
893 1771 1224 1834 inhaerere
1265 1778 1524 1855 oportet
1558 1769 1949 1836 substantiae
1987 1770 2190 1849 alicui,
2223 1772 2514 1839 substan·

309 1877 457 1938 tiam
505 1883 770 1960 apparet
814 1894 1064 1938 causam
1108 1894 1255 1937 esse
1289 1884 1353 1937 et
1381 1875 1758 1958 principium
1787 1871 2193 1958 reliquorum,
2239 1875 2317 1940 cf.
2350 1877 2422 1941 K
2450 1872 2511 1943 1.

308 1980 521 2043 106οα
545 1980 609 2041 l:
657 1969 829 2059 ἁρχὴ
871 1967 998 2060 γὰρ
1044 1968 1121 2040 τὸ
1167 1976 1628 2060 συναναιροῦν.
1702 1974 1861 2039 Inde
1899 1977 2076 2061 quod
2112 1976 2333 2066 colligi
2368 1988 2515 2063 pot-

311 2092 422 2159 est,
467 2079 955 2144 substantiarum
1003 2099 1238 2156 causas,
1284 2099 1439 2162 quas
1477 2087 1664 2142 antea
1705 2077 2018 2163 explicuit,
2061 2079 2316 2144 easdem
2356 2084 2516 2144 acci-

307 2181 588 2247 dentium
635 2201 855 2251 causas
901 2202 1072 2259 esse,
1129 2201 1499 2266 quamquam
1557 2201 1692 2245 non
1744 2181 2068 2268 significat
2108 2183 2245 2262 Ar„
2299 2193 2514 2248 tamen

309 2306 450 2350 eum
487 2289 803 2374 cogitasse
835 2283 1177 2370 probabile
1205 2282 1532 2348 videbitur
1561 2283 1916 2348 conferenti
1955 2286 2296 2350 1071·35.
2358 2287 2515 2351 Pro-

307 2400 524 2474 pterea
571 2386 1028 2465 Alexandrum,
1086 2390 1193 2472 qui
1247 2387 1419 2450 hunc
1463 2389 1532 2451 in
1576 2385 1837 2451 modum
1881 2386 2044 2451 haec
2086 2388 2282 2452 verba
2324 2391 2517 2453 inter-

306 2503 595 2579 pretatur
626 2515 688 2578 p.
714 2494 862 2568 655,
895 2494 933 2556 1
973 2500 1228 2555 secutus
1265 2512 1423 2555 sum.
1490 2490 1784 2554 Proxima
1816 2491 2039 2555 verba:
2079 2493 2302 2555 ἔπειτα
2330 2493 2516 2557 ἔσται

307 2595 518 2659 ταῦτα
556 2630 641 2644 -
680 2595 891 2678 σῶμα,
936 2592 1113 2656 Alex.
1158 2595 1255 2656 sic
1294 2596 1773 2678 interpretatur:
1820 2588 1961 2656 εἶτα
2003 2594 2178 2675 λέγει
2210 2595 2328 2658 καὶ
2364 2595 2517 2659 τίνα

309 2698 431 2761 εὶσὶ
466 2691 551 2760 τὰ
586 2698 739 2761 λίαν
771 2698 1262 2783 προσεχέστατα
1296 2698 1418 2760 τοῦ
1448 2688 1533 2758 τὰ
1563 2697 1830 2785 ἔμψυχα
1855 2688 2027 2762 εἶναι
2056 2692 2269 2759 αἴτια·
2304 2696 2517 2761 ταῦτα

307 2795 452 2885 γάρ,
499 2800 723 2889 φησίν,
768 2800 904 2862 ἔστι
944 2791 1124 2883 ψυχὴ
1168 2793 1327 2873 ἴσως
1366 2798 1481 2861 καὶ
1524 2798 1736 2882 σῶμα,
1779 2790 1998 2883 ὥσπερ
2037 2797 2147 2862 ἐπὶ
2185 2799 2430 2886 φυτῶν,
2472 2790 2519 2878 ἢ

309 2902 468 2977 νοῦς
509 2903 622 2966 καὶ
665 2903 858 2984 σῶμα
900 2902 1011 2964 καὶ
1052 2892 1296 2984 ὄρεξις,
1340 2896 1430 2975 ὡς
1472 2901 1582 2964 ἐπὶ
1621 2894 2034 2987 ἀνθρώπων,
2080 2890 2125 2979 ἦ
2168 2901 2362 2983 σῶμα
2402 2901 2515 2965 καὶ

306 2997 546 3091 ὄρεξις,
604 3001 691 3079 ὡς
733 3005 840 3067 ἐπὶ
883 3005 1014 3067 τῶν
1057 2997 1325 3085 ἀλόγων
1363 3003 1538 3067 ἔστιν
1583 3002 1774 3079 ἰδεῖν,
1833 3023 2102 3089 eamque
2140 3003 2516 3089 interpreta-

306 3110 547 3171 tionem
594 3116 848 3170 secutus
895 3114 992 3169 est
1027 3104 1235 3168 Schw.
1318 3103 1632 3189 Equidem
1673 3126 1776 3168 me
1810 3125 2075 3189 prorsus
2115 3126 2251 3168 non
2286 3104 2519 3169 intelli-

309 3231 464 3296 gere
498 3210 657 3273 haec
690 3208 886 3271 verba
922 3206 1160 3282 fateor3
1209 3210 1443 3271 etenim
1485 3209 1702 3270 ταῦτα
1746 3209 1802 3270 si
1845 3206 1951 3270 vel
1988 3206 2375 3272 substantias
2410 3206 2519 3272 vel

307 3310 797 3376 substantiarum
844 3330 1065 3374 causas
1109 3331 1249 3374 esse
1286 3323 1598 3395 putamuS,
1642 3312 1748 3395 qui
1785 3307 2044 3372 tandem
2080 3303 2289 3394 ὄρεξις
2323 3308 2405 3373 ad
2442 3332 2517 3374 ea

308 3413 530 3479 referri
574 3421 821 3499 potest,
865 3421 931 3475 et
970 3412 1088 3477 fut.
1124 3413 1310 3479 ἔσται
1353 3411 1505 3544 quid
1552 3411 1872 3501 significet
1902 3410 2084 3478 Alex.
2118 3433 2202 3492 ne
2235 3416 2517 3500 suscepit

276 3516 564 3602 ,quidem
611 3514 942 3601 explicare.

442 3707 570 3788 10)
625 3704 995 3771 Causarum
1031 3728 1283 3790 genera
1327 3705 1420 3770 ud
1450 3708 1813 3791 potentiam
1855 3712 1921 3770 et
1956 3712 2171 3772 actum
2206 3704 2520 3789 redigun-

303 3820 436 3892 tur,
483 3812 695 3876 1071a
733 3810 994 3874 3-17.

439 3927 651 3992 Alium
695 3936 1033 4013 praeterea
1076 3930 1145 3990 in
1187 3927 1447 3992 modum
1494 3926 1792 3991 diversae
1829 3948 2040 3991 rerum
2086 3946 2318 3994 causae
2355 3945 2521 3992 sum-

306 4032 423 4093 mis
464 4029 838 4115 quibusdam
877 4030 1224 4118 generibus
1262 4031 1389 4113 (τῷ
1425 4025 1762 4112 ἀνάλογον
1797 4030 1906 4107 ⁶4,
1953 4029 2031 4093 ef.
2062 4031 2123 4094 3.
2155 4030 2369 4094 107οα
2392 4030 2518 4110 32)

310 4133 765 4217 comprehendi
796 4143 1087 4218 possunt,
1120 4135 1411 4197 nimirum
1449 4124 1656 4212 (οἷον,
1683 4131 1764 4198 cf.
1796 4131 1876 4196 ad
1904 4133 1978 4197 A
2008 4134 2067 4200 4.
2099 4133 2261 4198 985⁶
2286 4135 2366 4212 6)
2402 4152 2521 4217 po-

304 4238 506 4299 tentia
546 4246 611 4299 et
645 4245 806 4301 actu.
873 4235 1003 4302 Sed
1046 4237 1211 4301 haec
1248 4240 1452 4316 etiam,
1494 4234 1765 4321 perinde
1804 4257 1880 4300 ac
1918 4255 2244 4300 musarum
2278 4254 2521 4322 geum-a

302 4346 497 4402 -antea
546 4327 940 4419 enumerata,
987 4339 1108 4404 alia
1151 4348 1304 4405 sunt
1344 4339 1489 4408 aliis
1530 4341 1598 4403 in
1642 4338 1866 4416 rebus;
1918 4341 2078 4425 quin
2119 4340 2312 4402 etiam
2352 4333 2521 4417 idem

2010 4443 2073 4495 31
2096 4441 2120 4467 ⁶
