3043 4973
1126 214 1233 282 M
1271 206 1341 283 8.
1424 205 1691 283 mssa.
2365 206 2507 281 553

311 408 385 454 ex
413 408 545 474 quo
577 397 804 475 postea
836 384 1083 453 demum
1118 390 1416 453 exsistere
1450 396 1666 473 potest
1701 384 1984 472 qualitaS,
2014 387 2148 451 alo
2177 385 2295 465 (cf.
2322 386 2376 451 A
2403 388 2508 451 14.

312 495 514 559 102οῠ
543 495 648 575 3).
718 494 1018 558 Unitates
1061 503 1271 556 autem
1317 491 1634 578 qualitatis
1680 492 2128 577 quantitatisve
2174 487 2512 554 discrimen

308 601 596 684 recipere
639 607 993 682 nequeunt,
1035 617 1246 682 neque
1292 617 1365 661 ex
1410 594 1689 683 vulgatis
1735 593 2174 682 opinionibuS,
2220 592 2333 657 ubi
2379 596 2515 679 qui-

312 699 455 766 dem
500 700 688 765 facile
734 711 832 765 est
871 700 1207 787 plurimum
1251 698 1656 765 absurditatis
1699 697 1852 762 inde
1884 697 2210 786 colligere,
2246 699 2513 776 a5-8‚

293 827 522 900 ‚neque
553 828 628 870 ex
656 807 811 891 ipsis
842 804 1312 869 Platonicorum
1344 806 1688 890 principiiS,
1724 805 1858 867 all
1878 804 2082 868 -14.
2147 804 2318 866 Fieri
2346 803 2515 866 enim
2607 842 2617 853 ·

314 929 612 974 numeros
656 898 897 974 ideales
942 908 1170 972 volunt
1213 930 1288 972 ex
1331 911 1574 973 unitate
1621 916 1686 971 et
1726 905 2060 972 indefinita
2098 904 2342 992 dyade3
2386 905 2515 985 illa,

314 1015 612 1098 quoniam
659 1022 755 1077 est
798 1010 1091 1077 absolute
1132 1010 1477 1089 individua,
1526 1014 1731 1076 omnis
1777 1021 1874 1076 est
1909 1033 2130 1099 expers
2162 1021 2227 1075 et
2256 1010 2518 1095 qualita-

312 1118 394 1181 tis
427 1124 492 1180 et
521 1119 902 1202 quantitatis,
947 1117 1103 1179 haec
1145 1124 1218 1181 ut
1256 1110 1621 1191 ποσοποιός
1663 1136 2065 1180 numerorum
2099 1113 2296 1178 efficit
2325 1136 2521 1200 quan-

312 1223 573 1298 titatem,
618 1241 753 1284 non
800 1222 1109 1284 unitatum
1153 1222 1371 1284 nescio
1409 1239 1593 1304 quam
1627 1218 2070 1284 differentiam.
2105 1255 2187 1268 —-
2226 1219 2319 1283 114
2363 1215 2509 1283 ἀλλ’

312 1314 354 1411 ᾖ
398 1317 713 1408 ἀριθμός,
756 1334 932 1389 recte
978 1322 1153 1388 Alex.
1201 1346 1262 1408 p.
1297 1325 1444 1401 741,
1476 1324 1563 1388 14
1607 1326 2090 1408 interpretatur:
2136 1317 2283 1386 ἀλλ’
2317 1317 2355 1386 ὁ
2401 1322 2522 1407 μὲν

314 1420 613 1511 ἀριθμὸς
640 1421 826 1492 καθὸ
856 1420 1153 1513 ἀριθμὸς
1179 1427 1453 1505 τοιοσδί,
1499 1423 1646 1492 οἷον
1683 1425 1920 1510 μείζων
1955 1419 2000 1504 ἢ
2030 1419 2332 1503 ἐλάττων,
2376 1425 2522 1489 δια-

316 1533 503 1620 φέρει
555 1523 725 1595 κατὰ
771 1522 849 1595 τὸ
893 1525 1123 1597 ποσόν.
1211 1529 1582 1595 Subiectum
1628 1540 1837 1595 autem
1881 1527 2041 1594 illud
2088 1532 2436 1607 enunciati,
2481 1526 2520 1594 ὁ

315 1637 436 1720 μὲν
478 1630 794 1721 ἀριθμός,
837 1644 1047 1699 utrum
1090 1637 1296 1721 ipsum
1339 1637 1407 1698 in
1452 1643 1626 1698 textu
1670 1632 1963 1698 habuerit
2005 1652 2087 1695 an
2131 1653 2206 1697 ex
2235 1635 2524 1719 superio·

315 1738 492 1805 ribus
534 1736 749 1803 verbis
792 1741 1182 1827 repetiverit,
1223 1737 1486 1803 dubium
1537 1749 1654 1803 est.
1695 1775 1777 1789 -
1816 1738 1954 1803 «113
1997 1731 2368 1803 ποσοποιόν
2411 1758 2525 1802 cur

316 1845 674 1930 scripserim
718 1863 838 1929 pro
886 1841 1060 1931 vulg.
1104 1835 1319 1908 ποσὸν
1361 1836 1706 1922 ποιόνμοὶ.
1754 1841 1920 1908 Obs.
1968 1863 2030 1927 p.
2064 1841 2212 1904 111.
2240 1840 2295 1921 ¹)

447 2036 527 2099 B.
605 2033 1012 2119 Refietantur
1056 2035 1335 2103 aliorum
1382 2034 1872 2101 Platonicorum
1919 2033 2440 2099 dissentientium
2482 2056 2528 2099 a

221 2138 230 2142 ’
319 2139 604 2204 Platone
637 2139 915 2225 placita,
963 2139 1172 2205 1083a
1202 2141 1292 2204 20
1308 2177 1388 2191 —
1406 2140 1507 2204 ⁶8.

452 2262 534 2340 l)
582 2261 792 2327 1083a
817 2262 1117 2324 zl—bl.
1211 2261 1435 2323 Fuisse
1480 2261 1648 2323 inter
1693 2257 2042 2343 discipulos
2087 2256 2373 2322 Platonis
2418 2259 2528 2343 qui

318 2366 569 2430 reiectis
629 2373 696 2428 et
749 2362 912 2429 ideis
973 2374 1038 2429 et
1089 2362 1401 2428 idealibus
1458 2366 1736 2427 numeris
1795 2365 1982 2426 unice
2027 2360 2527 2425 mathematicum

320 2471 671 2534 retinerent
711 2489 1040 2532 numerum
1087 2489 1355 2553 eumque
1414 2488 1535 2553 pro
1593 2467 1909 2553 principio
1964 2464 2278 2530 haberent
2318 2486 2528 2530 rerum

323 2576 605 2638 omnium
652 2572 803 2654 (καὶ
843 2565 997 2647 τοὺς
1029 2563 1367 2657 ἀριθμοὺς
1399 2566 1769 2657 πρώτους
1801 2572 1932 2635 τῶν
1965 2563 2175 2635 ὄντων
2211 2571 2388 2650 ⁶123)
2428 2590 2530 2634 su·

433 2798 502 2869 1)
537 2803 661 2856 'Uno
695 2804 877 2872 obtutu
912 2802 953 2854 si
988 2804 1387 2873 contemplamur
1418 2802 1543 2853 haec
1567 2813 1856 2867 argumenta
1878 2799 2061 2863 omnia,
2097 2798 2278 2869 quibus
2302 2799 2391 2851 Ar.
2414 2798 2531 2852 Pla-

322 2889 542 2944 tonicam
577 2892 641 2942 de
674 2888 896 2956 numeris
932 2890 1210 2941 doctrinam
1243 2889 1526 2959 impugnat,
1569 2908 1675 2940 non
1718 2887 1913 2939 videtur
1956 2886 2148 2956 optimo
2194 2900 2244 2938 et
2278 2886 2531 2955 aptissimo

322 2977 573 3030 refmandi
606 2996 783 3042 genere
819 2996 940 3027 usus
976 2996 1096 3028 esse.
1168 2976 1372 3038 Etenim
1407 2975 1448 3027 si
1484 2974 1593 3045 quis
1630 2994 1716 3026 eos
1750 2994 2014 3038 numeros,
2058 2994 2184 3043 quos
2218 2994 2314 3042 pro
2347 2973 2528 3042 princi-

227 3117 232 3124 ,
322 3062 415 3134 piis
449 3076 628 3134 ponat,
676 3058 1047 3134 ἀσυμβλήτους
1088 3082 1191 3114 esse
1230 3063 1371 3125 dicit,
1414 3062 1573 3131 ipsam
1620 3080 1952 3112 numerorum
1995 3074 2228 3111 naturam
2269 3060 2534 3111 manifesto

324 3148 431 3200 tolli
473 3169 637 3219 neque
683 3169 768 3201 eos
813 3169 1051 3201 numeros
1093 3169 1151 3201 ex
1186 3146 1457 3202 unitatibus
1496 3147 1734 3216 componi
1767 3133 1905 3198 vult(
1960 3146 2248 3198 Aristoteles
2282 3166 2400 3197 vero
2435 3147 2535 3198 hoc

325 3234 511 3303 ipsum,
549 3233 786 3302 componi
819 3254 1058 3286 numeros
1094 3254 1154 3286 ex
1186 3234 1486 3296 unitatibus,
1520 3246 1673 3295 tenet,
1709 3246 1759 3283 et
1793 3232 1960 3302 quales
1991 3231 2185 3302 possint
2214 3232 2338 3300 poni
2370 3232 2534 3283 unita-

326 3334 415 3382 tes,
451 3339 511 3370 ex
546 3319 729 3389 quibus
762 3319 831 3370 illi
865 3320 1065 3372 numeri
1099 3316 1428 3390 ἆσύμβλητοι
1462 3319 1746 3381 consistant,
1780 3320 2023 3371 subtiliter
2059 3316 2324 3382 distinguit.
2377 3319 2449 3369 At
2464 3317 2537 3369 ita

329 3427 492 3477 quum
524 3406 580 3457 in
615 3406 968 3458 absurdissima
1003 3426 1231 3477 quaeque
1266 3405 1450 3458 deduci
1483 3406 1748 3457 Platonem
1783 3405 1988 3476 eiusque
2024 3405 2290 3475 discipulos
2324 3405 2535 3457 demon-

328 3506 463 3556 strat,
496 3492 555 3544 iis
589 3491 829 3544 nimirum
865 3494 1096 3546 adversus
1132 3514 1246 3546 eam
1279 3492 1559 3547 doctrinam
1592 3491 1749 3543 utitur
1781 3492 2072 3555 rationibus,
2107 3511 2230 3561 quas
2262 3492 2341 3543 ille
2367 3506 2536 3563 aperte
2606 3479 2615 3485 .

328 3580 615 3645 sustulerat3
649 3593 905 3649 praeterea
940 3580 993 3631 in
1027 3580 1277 3631 nonnullis
1313 3578 1821 3645 argumentationibus
1843 3578 2094 3643 vulgarem
2119 3598 2272 3647 quam
2293 3580 2537 3630 habemus

331 3667 394 3718 de
429 3665 652 3718 numeris
689 3665 979 3735 opinionem
1013 3667 1078 3718 ad
1112 3667 1452 3732 redarguenda
1486 3665 1667 3734 placita
1699 3663 1958 3716 Platonica
2001 3664 2255 3717 convertit.
2326 3666 2401 3715 Ita
2437 3664 2536 3715 dis-

331 3737 464 3806 sefzta
498 3752 799 3805 refutatione
833 3752 886 3804 in
921 3754 1100 3804 multas
1135 3753 1459 3814 ratiunculas,
1506 3770 1634 3820 quae
1671 3750 1888 3815 singulae
1922 3770 1987 3801 ne
2027 3750 2166 3803 omni
2201 3749 2405 3819 quidem
2441 3751 2538 3802 du-

315 3827 569 3893 bitatione
605 3852 827 3891 exemtae
863 3853 1003 3901 sunt,
1037 3857 1116 3891 res
1153 3842 1448 3891 obscuratur
1481 3836 1637 3901 magis
1673 3857 1826 3906 quam
1859 3836 2142 3889 iflustratur.
2213 3836 2539 3888 Luculentius

333 3928 568 3997 equidem
603 3930 869 3979 refutatam
902 3940 1079 3999 putem
1111 3925 1247 3977 illam
1282 3924 1577 3988 doctrinam,
1613 3923 1653 3976 si
1669 3926 1758 3976 Ar.
1784 3923 1907 3975 nihil
1939 3924 2073 3975 aliud
2107 3942 2261 3993 quam
2292 3923 2540 3975 internam

331 4014 467 4066 illam
502 4013 903 4086 repugnantiam,
940 4033 1067 4083 quae
1102 4011 1232 4064 inest
1262 4012 1315 4063 in
1350 4011 1556 4064 notione
1590 4030 1922 4062 numerurm
1955 4004 2316 4080 οἷσυμβλήτων,
2351 4009 2539 4079 simpli-

335 4101 455 4153 citer
489 4122 546 4152 ac
581 4101 840 4170 perspicue
876 4100 1192 4170 exposuisset.
1266 4098 1369 4150 Sed
1414 4111 1675 4149 excusatur
1716 4099 1922 4150 fortasse
1956 4085 2086 4149 hae,
2117 4095 2428 4148 Aristotelica
2458 4116 2538 4147 re-

334 4185 528 4238 futandi
561 4186 687 4237 ratio
724 4206 801 4248 eo,
838 4188 976 4256 quod
1009 4186 1136 4237 illius
1173 4184 1341 4236 aetatis
1376 4184 1622 4236 Platonici
1655 4186 1870 4237 multum
1907 4204 1964 4236 ac
2000 4198 2185 4235 temere
2223 4183 2285 4232 de
2319 4180 2540 4233 numeris

335 4272 503 4337 nugati
538 4291 642 4323 esse
677 4271 931 4336 videntur,
965 4288 1023 4324 ut
1055 4285 1320 4342 propterea
1354 4270 1521 4323 multis
1559 4292 1645 4324 eos
1680 4271 1842 4325 modis
1876 4271 2245 4337 redarguendos
2277 4265 2537 4337 putaverit.

338 4358 417 4411 Cf.
454 4371 707 4428 praeterea
743 4360 807 4410 ad
844 4374 890 4413 s.
933 4352 1097 4415 ross⁶
1132 4373 1218 4413 as.

725 4527 757 4555 .,
