3043 4973
1150 261 1197 329 I
1237 255 1308 333 8.
1392 255 1659 332 105801.
2359 259 2506 337 445

300 431 525 500 σἀσαι.
599 434 685 498 Et
730 436 1030 521 quoniam
1077 455 1151 499 ex
1196 455 1437 523 genere
1480 433 1700 500 addita
1745 432 2245 501 differentiarum
2284 435 2508 505 defini-

301 540 480 603 tione
526 538 958 605 confieiuntur
1001 540 1278 625 specieS,
1335 535 1715 625 intelligitur
1758 540 1869 624 qui
1909 538 2027 603 fiat
2070 549 2143 604 ut
2185 560 2378 626 saepe
2422 542 2507 607 ad

299 663 361 707 v,
409 640 547 721 εἴδη
593 643 699 708 Ar.
746 642 942 707 addat
984 647 1215 726 γένους
1254 641 1362 708 vel
1408 639 1495 717 ὡς
1536 644 1796 723 γένους,
1851 664 1978 728 quo
2036 642 2289 729 quidem
2333 643 2509 709 addi-

299 755 585 810 tamento
632 747 946 812 interdum
993 750 1079 811 ita
1125 746 1380 811 videtur
1423 767 1575 810 usus
1622 765 1790 822 esse,
1847 756 1920 810 ut
1964 748 2102 825 εἴδη
2146 746 2274 812 hoc
2315 770 2508 814 sensu

300 849 653 938 distinguat
697 849 778 913 ab
827 850 992 915 ideis
1036 850 1401 928 PlatoniciS,
1444 849 1635 913 cfaA
1665 850 1728 913 9.
1765 851 1934 914 991«
1965 851 2051 914 31
2100 859 2164 914 et
2207 872 2368 935 quos
2411 852 2507 917 lo-

299 974 412 1018 cos
453 953 691 1042 collegi
722 953 884 1020 obs.
915 977 980 1040 p.
1005 956 1110 1020 79.
1146 993 1226 1008 --
1268 956 1399 1019 blo
1434 957 1490 1018 sl
1531 952 1604 1017 δὲ
1640 947 1752 1036 μή,
1790 956 1833 1018 i.
1868 975 1922 1018 e.
1970 958 2025 1018 εὶ
2057 953 2126 1018 δὲ
2163 943 2341 1032 ἦσαν
2375 955 2508 1022 τῶν

292 1051 663 1144 χρωμάτων
718 1061 791 1122 αἱ
849 1059 1172 1145 διαφοραὶ
1225 1051 1313 1124 τὰ
1356 1060 1586 1143 πρῶτοι
1629 1058 1929 1135 ἐναντία,
1986 1050 2065 1121 τὸ
2110 1054 2509 1146 διακριτικὸν

297 1161 412 1225 καὶ
454 1153 532 1225 ’τὸ
576 1156 1002 1249 συγκριτικόν.
1038 1197 1114 1212 -
1162 1162 1290 1227 ὄ31
1337 1155 1425 1225 τοὶ
1465 1156 1662 1240 κάτω,
1707 1160 1788 1225 cf.
1835 1159 1918 1225 ad
1962 1160 2035 1225 A
2063 1163 2127 1226 9.
2159 1162 2331 1227 992ae
2358 1165 2463 1232 17.
2497 1205 2506 1216 ·

1151 1419 1379 1496 CAP.
1440 1421 1654 1497 VIII.

436 1562 619 1644 Quid
657 1567 749 1630 ait
783 1569 1006 1652 ἕτερον
1040 1565 1133 1650 τῷ
1171 1562 1339 1643 εἴδει,
1386 1567 1588 1631 105712
1613 1563 2027 1632 35--10580
2051 1566 2117 1647 8,
2163 1564 2334 1632 lianc
2369 1569 2506 1634 ἑτι-

297 1663 553 1757 ρότητα
592 1693 735 1735 eoae
778 1675 1304 1737 contrarietatem
1350 1706 1431 1724 --
1472 1672 1632 1736 1⁸16.
1720 1670 2184 1755 Distinguam·
2227 1672 2508 1757 amplius

298 1797 467 1861 queue
510 1774 613 1838 vel
654 1777 841 1863 ἕτερα
883 1776 977 1858 τῷ
1020 1772 1174 1840 εἴδει
1214 1775 1318 1840 vel
1357 1767 1570 1839 ταύτὰ
1609 1775 1705 1859 τῷ
1747 1772 1902 1840 εἴδει
1939 1776 2112 1857 aiut,
2170 1799 2336 1864 quae
2374 1799 2508 1842 non

297 1880 432 1944 aiat
479 1914 560 1929 —
598 1878 757 1943 1128.

435 1999 637 2064 10:371>
675 1999 762 2063 35
806 1990 885 2061 τὸ
930 1994 990 2061 δ’
1035 2033 1119 2048 --
1163 2000 1373 2064 105812
1410 1999 1459 2062 8
1498 1992 1721 2063 αὐτό.
1798 1998 2008 2085 Quam
2048 2021 2186 2084 cap.
2210 1999 2254 2064 3
2291 1999 2509 2084 posuit

296 2103 417 2167 τοῦ
458 2095 788 2187 διαφόρου
821 2104 1170 2181 notionem,
1213 2102 1294 2167 cf.
1329 2103 1533 2166 10541»
1558 2101 1676 2165 24:
1726 2100 1801 2167 vo
1848 2104 1918 2168 δὲ
1961 2099 2291 2191 διάφορον
2329 2094 2509 2178 τινὸς

295 2207 462 2270 τινὶ
508 2199 868 2293 διάφορον,
928 2205 1149 2270 eadem
1205 2209 1330 2269 iam
1378 2206 1534 2291 quid
1594 2208 1680 2270 sit
1733 2211 1952 2292 ἕτερον
2008 2210 2099 2288 τῷ
2156 2204 2306 2271 εἴδει
2352 2205 2509 2270 defi·

297 2311 421 2373 nit:
478 2302 555 2378 τό
616 2313 838 2394 ἕτερον
894 2310 985 2391 τῷ
1034 2306 1189 2373 εἴδει
1231 2303 1408 2385 τινὸς
1452 2312 1529 2374 τὶ
1574 2304 1793 2395 ἕτερόν
1840 2314 2003 2386 ἐστι,
2063 2320 2505 2395 praeterquam

298 2411 473 2499 quod
520 2410 635 2476 illo
683 2411 831 2476 loco
879 2432 995 2498 per
1040 2412 1347 2489 dativum,
1392 2413 1452 2475 11.
1485 2412 1529 2475 l.
1575 2433 1696 2498 per
1735 2416 2157 2478 accusativum
2201 2411 2266 2476 id
2313 2414 2509 2500 signi-

181 2566 197 2582 .
295 2516 461 2595 ficet,
509 2515 682 2602 quod
729 2536 1134 2581 commune
1180 2525 1276 2580 est
1322 2516 1451 2580 illis
1495 2517 1684 2581 rebus
1731 2520 1900 2580 inter
1937 2536 2006 2581 se
2043 2516 2507 2594 differentibus,

298 2619 378 2684 cf.
425 2618 507 2684 ad
550 2618 592 2682 l.
628 2618 669 2684 l.
745 2622 890 2685 Hoc
935 2632 1160 2698 autem,
1207 2618 1381 2705 quod
1429 2639 1762 2685 commune
1808 2618 2051 2683 habent
2091 2612 2176 2682 td
2219 2621 2313 2699 τῷ
2356 2616 2506 2683 εἴδει

298 2728 516 2809 ἕτερα,
575 2722 741 2788 idem
801 2734 899 2787 est
956 2745 1178 2810 genus.
1271 2721 1471 2808 Quod
1525 2733 1594 2786 ut
1640 2726 1991 2786 accuratius
2039 2720 2303 2785 definiat
2355 2720 2509 2786 dicit

295 2828 461 2892 ⁸38:
524 2821 599 2891 τὸ
645 2821 775 2912 γὰρ
819 2829 1124 2892 τοιοῦτον
1167 2827 1603 2911 γένος-καλῶ,
1662 2818 1702 2889 ὃ
1759 2828 1886 2905 (ita
1945 2823 2347 2889 scribendum
2393 2848 2508 2912 pu-

298 2932 428 2994 tavi
470 2951 609 2993 cum
649 2929 838 2994 codd.
871 2930 1011 2994 ΕΤ
1038 2952 1159 3019 pro
1196 2931 1368 3018 vulg.
1401 2921 1455 3013 ᾧ
1500 2929 1648 2995 coll.
1693 2930 1755 2993 3.
1793 2931 1995 2994 1054b
2018 2930 2147 3008 30)
2193 2922 2395 3017 ἄμφω
2438 2930 2509 2995 ἓν

295 3029 502 3097 ταύτὸ
539 3034 808 3117 λέγεται,
843 3029 948 3119 μὴ
983 3028 1192 3099 και-οὶ
1226 3022 1755 3125 συμβεβὴκὸς
1788 3034 1937 3116 ἔχον
1974 3027 2327 3121 διαφοράν.
2395 3035 2507 3098 Ni-

297 3140 522 3203 mirum
568 3140 624 3201 si
669 3149 844 3202 recte
888 3162 924 3202 a
973 3156 1212 3226 genere
1259 3134 1340 3201 ad
1385 3141 1642 3224 species·
1681 3135 2114 3215 descenditur,
2174 3145 2246 3199 ut
2301 3156 2506 3223 genus

301 3240 620 3306 dividatur
661 3244 739 3330 τῇ
784 3243 994 3324 οἰκείᾳ
1037 3242 1374 3325 διαιρέσει,
1420 3243 1485 3304 Ζ
1519 3243 1635 3318 12,
1692 3243 1829 3303 sive
1884 3248 2026 3315 τοῖς
2075 3243 2336 3317 οἰκείοις
2377 3238 2508 3306 πά-

296 3345 460 3410 θεσι
507 3345 551 3408 I
591 3348 650 3408 9.
700 3346 907 3410 10580
936 3347 1051 3422 37,
1110 3362 1225 3408 eae
1270 3343 1701 3421 differentiae,
1757 3343 1988 3429 quibus
2048 3349 2290 3429 species
2344 3349 2510 3411 inter

297 3468 369 3513 se
417 3447 918 3536 distinguuntur,
962 3469 1098 3512 non
1143 3446 1478 3511 habendae
1525 3459 1673 3512 sunt
1715 3470 1836 3535 pro
1886 3448 2346 3529 accidentibus,
2392 3449 2508 3516 sed

298 3554 500 3638 ipsam
558 3575 677 3639 per
731 3572 800 3617 se
858 3551 1218 3639 qualitatem
1277 3555 1538 3640 generis
1583 3550 1899 3619 definiunt
1939 3554 2061 3634 (cf.
2103 3556 2268 3640 Top.
2308 3548 2404 3621 IV
2444 3558 2504 3620 6.
2561 3618 2564 3623 .

301 3657 467 3722 128α
508 3658 621 3722 26:
682 3654 724 3736 ἡ
782 3659 900 3741 μὲν
957 3651 1253 3745 διαφορὰ
1307 3651 1630 3735 ποιότητα
1682 3657 1805 3723 τοῦ
1844 3662 2069 3742 γένους
2113 3655 2217 3723 ἀεὶ
2263 3660 2506 3742 σημαί-

298 3765 462 3840 νει),
507 3764 644 3826 sive
689 3782 894 3849 genus
939 3763 1259 3825 materiam
1306 3780 1446 3826 esse
1493 3760 1752 3840 dixeris,
1816 3780 1975 3848 quae
2021 3763 2284 3825 formam
2331 3782 2505 3829 suam

211 3874 231 3887 “
300 3885 337 3929 a
376 3864 761 3930 differentiis
792 3868 1061 3951 accipiat
1097 3861 1272 3946 (εἴθ’
1310 3862 1396 3940 ὡς
1428 3860 1553 3944 ὕλη
1590 3868 1698 3942 al,
1743 3865 1820 3929 cf.
1854 3865 1933 3929 ad
1967 3867 2021 3931 A
2047 3866 2154 3930 28.
2195 3868 2396 3931 102412
2422 3869 2505 3948 8)

298 3973 434 4034 sive
492 3970 682 4035 alium
740 3971 809 4033 in
863 3968 1121 4033 modum
1168 3972 1539 4055 conceperis
1586 3971 1842 4055 generis
1885 3972 2235 4034 notionem.
2325 3971 2506 4056 Quo-

297 4075 464 4137 niam
518 4077 713 4162 igitur
756 4071 1161 4138 differentiae
1206 4093 1341 4136 non
1385 4093 1504 4158 per
1549 4071 1842 4137 accidens
1886 4074 2221 4138 inhaerent
2264 4077 2503 4163 generi,

298 4176 417 4244 sed
476 4180 673 4263 ipsam
732 4181 986 4266 generis
1041 4186 1329 4240 naturam
1387 4175 1790 4265 distinguunt
1846 4197 1921 4243 ac
1967 4176 2265 4243 dirimunt
2321 4180 2505 4261 (διοι-

298 4274 485 4372 φορὰ
529 4285 649 4347 τοῦ
691 4287 918 4367 γένους
957 4284 1117 4363 ⁶7),
1177 4280 1328 4346 inde
1375 4303 1775 4369 consequens
1823 4291 1948 4360 est,
2005 4292 2076 4347 ut
2120 4280 2294 4368 quod
2340 4302 2505 4346 com·

298 4409 492 4453 mune
539 4395 635 4451 est
679 4408 885 4475 genus
930 4386 1121 4453 rebus
1166 4389 1380 4474 specie
1428 4386 1889 4463 differentibus,
1939 4384 2005 4449 id
2048 4390 2252 4473 ipsum
2302 4384 2505 4450 diver-
