3043 4973
518 233 671 309 100
1371 234 1448 305 Α
1494 230 1594 305 8.·
1642 228 1874 305 989⁶,

524 410 844 476 elemento
891 410 1311 496 principatum
1357 406 1642 472 tribuere
1685 405 1942 484 debent,
1988 425 2152 491 quae
2191 405 2507 472 sententia
2543 404 2743 491 signi-

520 514 712 581 ficata
753 522 852 579 est
883 512 1097 577 verbis
1131 512 1211 601 τῇ
1244 512 1365 596 μὲν
1393 513 1527 577 ὒ34
1560 514 1718 575 etin
1746 513 2110 578 memoriam
2139 517 2442 573 revocata
2477 532 2537 572 v.
2568 499 2743 574 κατὰ

523 619 642 702 μὲν
689 607 809 682 οὖν
845 654 932 670 ·--
967 617 1145 698 λέγοι
1182 616 1415 678 a12-
1434 617 1537 694 15,
1581 614 1842 679 alteram
1888 613 1972 678 de
2011 613 2329 699 διακρίσει
2369 613 2741 698 opinionem

522 744 639 807 per
671 718 934 784 similem
973 717 1227 783 dicendi
1264 718 1530 784 formam
1559 721 1811 805 opponi
1841 726 2174 803 exspectes
2201 716 2279 807 τῇ
2307 716 2378 780 δὲ
2406 716 2558 792 κτλ,
2593 716 2655 777 h.
2684 736 2741 790 e.

524 829 624 890 sin
681 844 840 888 vero
895 823 1213 909 διακρίσει
1258 825 1468 886 omnia
1512 821 1655 887 fieri
1703 824 2103 890 statuerimus
2149 831 2270 884 etc.
2359 816 2741 883 Aristoteles

522 947 682 992 vero
739 926 818 990 ab
878 927 999 990 hac
1054 924 1323 1011 simplici
1375 935 1447 990 et
1510 923 1993 1013 argumentandi
2050 925 2303 988 ratione
2360 932 2430 986 et
2484 920 2743 987 dicendi

524 1031 727 1095 forma
757 1032 1037 1107 recessit,
1080 1040 1148 1092 et
1190 1032 1570 1115 interposita
1615 1028 1739 1093 alia
1784 1027 2050 1114 quadam
2085 1029 2402 1092 sententia
2433 1025 2516 1089 ad
2547 1024 2742 1089 stabi-

525 1133 805 1198 liendum
851 1143 1058 1197 terrae
1105 1135 1521 1218 principatum
1571 1136 1740 1198 viam
1775 1141 1972 1218 parat.
2041 1133 2349 1196 Nimirum
2385 1139 2606 1195 notum
2641 1137 2745 1193 est

530 1236 894 1314 Aristotelis
937 1236 1269 1321 placitum,
1315 1234 1381 1298 id
1427 1233 1601 1319 quod
1648 1238 2067 1323 generatione
2109 1238 2426 1322 posterius
2473 1243 2610 1312 est,
2645 1242 2743 1297 ut·

526 1349 687 1426 pote
731 1340 933 1404 forma
981 1339 1313 1404 definitum
1359 1347 1425 1401 et
1468 1361 1505 1401 a
1553 1343 1838 1424 potentia
1886 1348 2349 1426 transgressum
2395 1338 2477 1403 ad
2514 1349 2742 1414 aetum,

527 1444 880 1509 substantia
919 1464 1060 1507 esse
1093 1445 1289 1529 priuS,
1337 1442 1414 1507 cf.
1452 1442 1511 1510 θ
1541 1444 1604 1506 8.
1644 1443 1851 1508 1050a
1876 1445 1938 1507 4.
1987 1444 2073 1506 Μ
2095 1445 2155 1506 2.
2193 1444 2399 1508 1⁰77a
2422 1443 2528 1506 26.
2595 1443 2745 1506 Hoc

525 1551 581 1611 si
623 1550 1150 1634 reputaverimus,
1209 1549 1491 1632 quamvis
1535 1550 2014 1633 generationem
2059 1548 2390 1630 συγκρίσει
2429 1545 2578 1611 fieri
2618 1555 2745 1610 sta-

528 1662 791 1730 tuamus,
835 1661 1046 1715 tamen
1084 1670 1164 1715 eo
1198 1648 1590 1729 deducimur,
1633 1660 1708 1715 ut
1740 1648 2176 1714 densissimum
2213 1652 2430 1735 potius
2467 1648 2741 1715 elemen-

528 1765 661 1820 tum
691 1777 874 1840 quam
913 1756 1344 1820 tenuissimum
1383 1774 1502 1840 pro
1548 1757 1864 1840 principio
1910 1774 2255 1839 ponamus;
2301 1753 2473 1818 unde
2518 1775 2742 1818 conse·-

524 1862 741 1944 quitur
784 1868 855 1923 ut
899 1858 1019 1922 hac
1059 1862 1309 1924 ratione
1350 1857 1509 1922 nihil
1548 1861 1669 1922 nisi
1701 1868 1869 1921 terra
1899 1860 2105 1943 possit
2133 1879 2255 1943 pro
2287 1860 2598 1943 principio
2631 1857 2741 1921 ha·-

527 1960 687 2026 beri.
760 1961 1043 2026 Alterum
1080 1973 1286 2027 utrum
1323 1965 1534 2050 igitur,
1581 1971 1691 2025 aut
1732 1963 1945 2047 iguem
1985 1972 2096 2026 aut
2128 1972 2373 2040 terram,
2417 1982 2540 2047 pro
2569 1964 2744 2047 prin-

531 2068 703 2152 cipio
748 2075 1028 2130 statuere
1077 2086 1218 2129 eum
1266 2066 1610 2150 oportebit,
1662 2068 1767 2149 qui
1805 2068 1871 2128 in
1918 2064 2286 2150 quaerendo
2331 2087 2463 2129 uno
2507 2067 2742 2150 princi-

527 2173 639 2255 pio
686 2167 993 2233 materiali
1038 2178 1311 2233 mutuam
1360 2169 1818 2233 elementorum
1874 2173 2353 2256 generationem
2399 2167 2745 2256 diiigenter

527 2275 946 2358 reputaverim
1005 2271 1098 2336 illi
1154 2294 1312 2337 vero
1372 2271 1750 2358 philosophi
1806 2271 1992 2335 facile
2038 2271 2310 2358 quodvis
2357 2270 2739 2336 elementum

530 2384 788 2462 praeter
829 2387 1059 2440 terram
1106 2398 1226 2462 pro
1274 2378 1592 2462 principio
1638 2384 2006 2453 statuerant,
2051 2379 2180 2440 τῶν
2223 2377 2292 2440 δὲ
2325 2378 2525 2460 τριῶν
2559 2397 2741 2441 στοι-

521 2482 721 2567 χείων
747 2484 1022 2545 ἕκαστον
1052 2478 1277 2568 εἴληφε
1306 2475 1534 2567 κριτήν
1565 2503 1715 2545 τινα
1740 2482 1851 2545 α6.
1911 2477 2213 2545 Similiter
2245 2479 2435 2547 Arist.
2471 2478 2623 2544 dicit
2655 2478 2740 2543 de

526 2606 629 2649 an.
662 2585 692 2648 l
727 2586 791 2649 2.
828 2588 987 2651 405⁶
1011 2586 1079 2650 8:
1123 2580 1349 2649 πάντα
1390 2575 1524 2670 γὰρ
1565 2577 1651 2679 τρὶ
1695 2594 1983 2669 στοιχεῖα
2025 2576 2256 2671 κριτὴν
2298 2580 2524 2673 εἴληφε
2564 2578 2742 2662 πλὴν

524 2691 647 2767 τῆς
700 2691 851 2771 γῆς,
908 2691 1017 2774 qui
1076 2687 1256 2752 loeus
1318 2690 1586 2750 omnino
1642 2709 1784 2750 cum
1839 2688 1966 2751 hoc
2019 2696 2116 2750 est
2160 2687 2614 2765 conterendus,
2671 2698 2741 2766 et

528 2791 718 2856 Polit.
756 2793 907 2857 vul
944 2795 1005 2857 2.
1052 2793 1258 2857 133711
1284 2792 1398 2854 4οε
1444 2790 1650 2867 δῆλον
1691 2786 1893 2854 οὐδὲν.
1925 2785 2208 2872 πότερον
2249 2787 2475 2856 ἀσκεῖν
2518 2791 2617 2855 δεῖ
2651 2783 2737 2854 τὰ

523 2891 819 2980 χρήσιμα
873 2890 1041 2980 πρὸς
1095 2885 1215 2959 τὸν
1270 2893 1425 2977 βίον
1479 2885 1529 2971 ἢ
1583 2886 1669 2956 τὰ
1727 2896 2028 2973 τείνοντα
2074 2886 2241 2977 πρὸς
2282 2888 2523 2981 ἀρετὴν
2567 2888 2609 2972 ἢ
2650 2888 2740 2959 τά

526 2994 830 3082 περιττά·
889 2993 1110 3063 πάντα
1134 3048 1139 3053 .
1166 2990 1296 3082 γὰρ
1351 2994 1576 3086 εἴληφε
1621 2999 1833 3063 ταῦτα
1876 2992 2102 3078 κριτάς
2145 3019 2348 3073 τινας.
2435 2996 2611 3082 Quid
2658 3001 2741 3060 si—

526 3101 793 3188 gnificet
836 3101 931 3164 his
978 3101 1139 3165 locis
1176 3098 1447 3165 formula
1480 3102 1818 3190 εἰληφέναι
1845 3096 2071 3187 κριτήν
2102 3111 2387 3186 apertum
2425 3111 2535 3180 est,
2579 3122 2738 3185 quo-

525 3204 723 3270 modo
779 3228 915 3270 eam
960 3208 1089 3269 vim
1127 3207 1334 3290 possit
1376 3202 1617 3267 habere
1663 3204 1923 3269 dubium
1966 3203 2236 3269 videtur.
2327 3205 2606 3269 Uberius
2654 3203 2738 3271 de

526 3332 604 3374 ea
649 3332 722 3374 re
767 3309 1063 3374 disseruit
1109 3306 1542 3373 Trendelenb.
1598 3308 1678 3372 de
1727 3330 1823 3373 an.
1872 3308 1953 3373 ad
2000 3307 2039 3371 Ι.
2086 3306 2130 3372 l.
2172 3331 2234 3394 p.
2273 3310 2405 3373 240
2447 3330 2567 3393 sq„
2625 3311 2736 3393 qui

529 3435 692 3498 quae
734 3413 949 3478 attulit
994 3411 1074 3476 de
1119 3419 1369 3497 κριταῖς
1414 3420 1484 3476 ut
1528 3412 1845 3477 iudicibus
1881 3416 2285 3477 certaminum
2317 3415 2737 3498 poeticorum,

528 3536 603 3580 ea
651 3535 783 3579 non
830 3515 1034 3580 aliena
1083 3516 1338 3601 quidem
1382 3524 1535 3581 sunt
1581 3516 1659 3580 ab
1705 3516 1803 3579 his
1847 3514 2025 3595 locis,
2070 3516 2184 3580 sed
2227 3516 2483 3581 videtur
2523 3527 2734 3580 tamen

529 3621 841 3703 acquiesci
897 3639 1089 3704 posse
1147 3621 1210 3681 iu
1271 3618 1534 3705 vulgata
1592 3622 1864 3683 nominis
1927 3620 2427 3708 significatione,
2485 3619 2736 3705 qualem

526 3721 829 3787 habemus
885 3725 952 3786 in
1003 3721 1274 3786 formula
1321 3719 1407 3797 ὡς
1452 3724 1598 3805 ἐμοὶ
1641 3724 1842 3812 κριτῇ.
1933 3723 2131 3807 Quod
2175 3734 2387 3789 autem
2433 3723 2733 3810 explicat:

527 3827 797 3909 singula
851 3827 1148 3910 singulos
1202 3825 1459 3889 iudices*
1516 3827 1830 3893 elementa
1896 3850 2323 3913 occupavere,
2390 3852 2739 3915 eorumque

527 3931 781 3993 animos
824 3930 1142 4009 detinent,
1199 3928 1262 3992 id
1302 3948 1536 3992 vereor
1571 3941 1642 3994 ut
1679 3953 1822 3995 cum
1851 3931 2319 4020 significatione
2351 3930 2532 3997 verbi
2563 3933 2739 4016 Zagu-

524 4027 755 4116 βάνειν
795 4044 970 4099 recte
1012 4036 1217 4120 possit
1262 4033 1609 4099 conciliari.
1688 4035 1998 4120 Equidem
2038 4038 2254 4121 potius
2299 4039 2558 4100 nomine
2593 4058 2738 4121 xpc·—

524 4131 659 4215 τής,
702 4141 1000 4222 quoniam
1048 4141 1452 4202 coniunctum
1498 4149 1599 4202 est
1634 4160 1775 4202 cum
1810 4135 2191 4223 λαμβάνειν,
2236 4138 2583 4226 significari
2617 4162 2741 4224 pu-

522 4243 786 4305 taverim
828 4241 1200 4329 suffragium
1244 4241 1497 4306 iudicis:
1543 4241 2043 4328 unumquodque
2088 4264 2162 4307 ex
2206 4242 2408 4310 tribus
2447 4242 2575 4307 illis
2608 4242 2741 4307 ele-

518 4347 751 4410 mentis
804 4346 998 4410 unius
1048 4343 1200 4425 tulit
1253 4345 1480 4427 iudicis
1536 4347 1928 4435 suffragium.
1979 4382 2058 4403 -ο-
2114 4349 2253 4421 α14
2297 4341 2541 4434 ἀέρος
2588 4348 2742 4432 μὲν
