3043 4973
519 288 610 369 12

515 480 794 561 guantur
838 488 912 536 ea
960 471 1043 536 de
1087 492 1156 536 re
1203 474 1589 550 sententiae,
1647 470 1959 558 siquidem
2013 469 2121 536 vel
2178 469 2422 535 formae
2475 470 2615 554 (τῷ
2657 473 2725 535 τί

513 566 597 656 ἦν
650 572 857 656 εἶναι)
911 574 1019 640 vel
1085 577 1340 640 notioni
1406 576 1749 641 universali
1812 575 1917 641 vel
1977 578 2200 665 generi
2257 573 2364 639 vel
2419 576 2723 640 materiae

512 679 826 744 tribuatur
869 679 1260 744 substantiae
1317 678 1623 767 dignitaS,
1679 684 1979 744 materiae
2025 680 2402 744 infinitatem
2448 677 2720 742 alienam
2779 720 2784 724 -

514 802 655 847 esse
699 805 736 846 a
782 781 1045 848 definita
1090 783 1495 848 substantiae
1531 793 1755 847 natura
1803 802 2065 869 eamque
2108 785 2499 869 potissimum
2546 784 2722 845 cerni

513 889 582 950 in
637 886 842 951 forma
896 886 1000 951 vel
1055 889 1323 951 notione
1380 885 1808 965 substantiali,
1864 888 1959 970 τῷ
2011 887 2077 953 τί
2129 878 2214 965 ἦν
2258 883 2450 963 εἶναι,
2508 883 2720 949 docet.

514 993 723 1076 Atque
781 992 943 1055 hanc
999 991 1265 1054 formam
1322 990 1829 1070 substantialem,
1886 1010 2020 1055 non
2067 999 2241 1054 extra
2285 1010 2387 1056 res
2429 992 2723 1076 positam,

512 1094 979 1159 Platonicamm
1027 1093 1310 1158 idearum
1356 1092 1438 1157 ad
1483 1093 1759 1172 modum,
1804 1093 1918 1158 sed
1964 1096 2120 1179 ipsis
2162 1092 2353 1157 rebus
2396 1091 2723 1171 inclusam,

513 1218 722 1284 neque
768 1216 1160 1262 communem
1206 1195 1420 1260 multis
1464 1196 1674 1274 rebuS,
1719 1216 1882 1281 quae
1928 1206 2024 1260 est
2049 1199 2352 1261 notionis
2399 1200 2726 1261 universa-

513 1301 592 1390 lis
636 1304 822 1380 ratio,
867 1300 981 1365 sed
1025 1298 1293 1388 singulis
1338 1299 1529 1365 rebus
1574 1303 1924 1385 propriam,
1969 1298 2350 1385 descriptam
2394 1300 2566 1364 illam
2612 1299 2723 1364 de-

513 1404 812 1471 finitione
841 1407 1142 1483 notionis,
1187 1403 1266 1467 ab
1314 1404 1488 1467 omni
1531 1406 1832 1467 materiae
1870 1405 2268 1488 partiumque
2307 1404 2725 1468 materialium

516 1507 895 1573 admistione
952 1511 1296 1596 integram,
1341 1542 1425 1555 --
1482 1505 1648 1570 hanc
1691 1509 1886 1594 igitur
1927 1505 2193 1569 formam
2240 1507 2723 1571 substantialem

517 1621 833 1677 aeternam
872 1633 1015 1676 esse
1050 1623 1113 1675 et
1145 1632 1330 1677 unam
1367 1632 1441 1674 ac
1475 1608 1820 1694 simplicem
1857 1618 2159 1686 naturam,
2204 1608 2470 1681 diversis
2507 1632 2545 1674 e
2580 1630 2728 1697 par-

516 1715 689 1780 tibus
747 1736 879 1780 rem
939 1734 1276 1801 aggressus
1336 1722 1402 1778 et
1444 1712 1526 1776 ad
1570 1711 1738 1777 idem
1785 1715 1994 1776 omnia
2038 1712 2360 1792 referens,
2414 1736 2533 1800 per
2575 1714 2728 1779 reli·

517 1840 707 1904 quum
753 1821 1118 1886 universum
1165 1817 1394 1881 librum
1428 1816 1492 1879 Z
1531 1819 1810 1901 exponit.
1878 1814 2269 1901 Complexus
2316 1817 2550 1883 deinde
2583 1818 2728 1883 bre-

516 1926 708 2000 viter,
772 1938 934 2008 quae
993 1942 1069 1984 ex
1123 1920 1244 1984 hac
1302 1918 1737 2005 disputatione
1793 1919 2208 2004 comprobata
2268 1930 2333 1984 et
2389 1923 2724 1985 manifesta

517 2023 756 2089 debent
799 2025 1002 2089 videri
1050 2025 1175 2103 (H
1216 2026 1326 2102 l),
1387 2033 1451 2086 et
1494 2022 1755 2087 adiectis
1802 2024 2276 2108 quaestionibus
2322 2023 2718 2108 quibusdam,

519 2148 683 2214 quae
755 2151 893 2192 cum
962 2130 1250 2214 exposita
1314 2127 1561 2190 formae
1618 2136 1684 2190 et
1735 2130 2037 2191 materiae
2093 2135 2340 2190 natura·
2372 2126 2720 2191 cohaerens

518 2236 613 2310 (c.
645 2234 913 2311 2—5)‚
972 2234 1275 2296 unitatem
1337 2241 1400 2294 et
1446 2239 1739 2294 notarum
1787 2233 1850 2293 in
1897 2228 2298 2293 conficienda
2341 2233 2608 2293 notione
2653 2239 2721 2293 et

520 2336 762 2400 formae
810 2356 948 2400 cum
993 2339 1253 2400 materia
1298 2337 1365 2398 in
1412 2332 1887 2399 conformandis
1939 2332 2138 2398 rebus
2179 2331 2586 2413 sensibilibus
2626 2353 2727 2396 re-

520 2438 695 2503 ducit
752 2437 835 2502 ad
892 2437 1226 2503 discrimen
1283 2441 1737 2525 potentiae-et
1787 2446 1990 2516 actuS,
2052 2458 2216 2523 quae
2257 2438 2729 2523 coniungantur

519 2545 687 2607 inter
731 2564 800 2607 se
846 2565 963 2630 per
1002 2545 1378 2630 principium
1419 2562 1684 2606 movens
1729 2545 1811 2621 (c.
1844 2543 1937 2623 6).
2009 2540 2169 2605 Inde
2204 2551 2390 2627 aptus
2422 2544 2727 2604 transitus

520 2648 601 2712 ad
648 2647 1051 2733 explicandas
1096 2648 1424 2733 potentiae
1472 2657 1538 2709 et
1582 2655 1757 2710 actus
1804 2648 2106 2708 notiones
2154 2645 2316 2725 (Θ),
2363 2643 2589 2729 quibus
2618 2642 2731 2707 di-

519 2754 758 2838 stingui
805 2749 965 2814 entis
1011 2759 1294 2814 naturam
1342 2769 1531 2834 supra
1568 2751 1635 2812 in
1669 2750 1987 2833 principio
2025 2747 2283 2813 alterius
2313 2751 2510 2833 partis
2541 2745 2729 2810 huius

524 2854 900 2941 disciplinae
945 2854 1043 2931 (E
1076 2855 1149 2935 2)
1194 2852 1684 2940 significaverat.
1762 2854 1844 2916 Et
1887 2854 2153 2938 primum
2200 2850 2451 2936 quidem
2500 2859 2730 2936 poten-

521 2960 647 3022 tiae
693 2967 980 3021 naturam
1026 2956 1329 3020 describit
1374 2976 1636 3041 eamque
1682 2955 2103 3041 comprobare
2148 2953 2363 3018 studet
2400 2975 2472 3018 re
2513 2976 2586 3015 ac
2622 2974 2732 3016 ve·

520 3063 709 3126 ritate
756 3060 835 3124 ab
884 3070 1027 3125 actu
1077 3081 1216 3123 esse
1259 3058 1746 3123 discernendam
1791 3063 1885 3138 (c.
1923 3060 2187 3137 1—4),
2239 3056 2476 3122 deinde
2521 3067 2730 3120 actum

525 3164 859 3253 distinguit
917 3185 992 3227 ac
1052 3162 1383 3241 describit,
1440 3183 1709 3247 eumque
1767 3172 1831 3226 et
1887 3164 2156 3227 notione
2215 3172 2278 3225 et
2334 3171 2620 3245 tempore
2661 3169 2733 3223 et

523 3268 873 3333 substantia
934 3289 1008 3331 ac
1065 3265 1374 3355 dignitate
1432 3269 1746 3353 potiorem
1807 3287 1948 3330 esse
2004 3267 2287 3351 potentia
2336 3263 2733 3328 demonstrat

522 3377 618 3449 (c.
656 3374 919 3451 5-9).
1004 3366 1306 3456 Denique
1351 3393 1541 3457 quum
1587 3374 1653 3434 in
1700 3368 2168 3458 cognoscendis
2216 3370 2587 3454 compositis
2629 3387 2731 3429 re-

524 3474 641 3538 bus
699 3474 857 3537 haec
913 3477 994 3536 sit
1049 3477 1334 3537 veritatis
1392 3473 1523 3552 lex,
1582 3484 1654 3539 ut
1711 3477 2184 3559 coniungantur
2238 3493 2311 3535 ac
2356 3470 2733 3535 dirimantur

525 3579 825 3641 notiones
870 3575 1136 3661 perinde
1183 3597 1259 3640 ac
1299 3598 1400 3641 res
1447 3576 1552 3641 vel
1599 3580 1974 3642 coniunctae
2018 3586 2167 3638 sunt
2208 3575 2313 3639 vel
2361 3574 2732 3651 disiunctae,

524 3701 689 3765 quae
740 3682 822 3743 sit
879 3684 1117 3744 veritas
1168 3681 1236 3743 in
1280 3681 1708 3768 percipiendis
1755 3676 2124 3744 notionibus
2170 3677 2560 3763 simplicibus
2604 3678 2734 3742 dis-

525 3792 771 3869 ceptat;
815 3785 1105 3847 nimirum
1148 3786 1215 3847 in
1259 3783 1375 3862 his,
1421 3797 1673 3850 remoto
1721 3786 1896 3848 omui
1937 3799 2173 3858 errore,
2217 3780 2372 3844 nibil
2417 3781 2588 3846 aliud
2634 3782 2733 3845 lo—

526 3908 668 3951 cum
714 3886 945 3951 habere
990 3890 1116 3951 nisi
1158 3885 1265 3950 vel
1311 3892 1642 3974 percipere
1686 3885 1792 3950 vel
1837 3905 1971 3949 non
2016 3888 2346 3970 percipere
2391 3889 2490 3964 (c.
2527 3886 2675 3967 10).

659 3992 1042 4054 Brevissime
1086 4012 1323 4054 summa
1370 3990 1567 4055 modo
1615 4009 1823 4053 rerum
1872 3992 2076 4073 capita
2121 3987 2352 4052 lectori
2394 3993 2460 4052 in
2498 4009 2736 4052 memo·

527 4098 681 4160 riam
727 4093 1088 4159 revocanda
1134 4096 1382 4179 putavi,
1441 4104 1511 4158 ut
1567 4097 1672 4178 qui
1718 4095 1799 4156 sit
1842 4097 2039 4157 totius
2085 4092 2534 4178 disputationis
2580 4113 2735 4156 con-

527 4209 733 4263 textus
791 4212 1122 4285 appareat3
1182 4201 1569 4264 accuratiora
1617 4198 1726 4282 qui
1770 4195 2300 4273 desideraverint,
2358 4205 2731 4282 argumenta

525 4300 795 4390 singulis
851 4301 1158 4368 librorum
1216 4300 1498 4388 partibus
1544 4304 1611 4363 in
1666 4303 2120 4365 commentario
2177 4298 2454 4386 praefixa
2513 4298 2736 4362 confe-

526 4417 687 4471 rant.
776 4406 1071 4471 Invenies
1130 4405 1383 4491 quidem
1443 4405 1634 4469 etiam
1688 4406 1755 4468 in
1815 4404 1910 4468 his
1969 4425 2133 4490 quae
2185 4402 2289 4467 vel
2334 4405 2527 4492 artius
2574 4422 2729 4466 con-
