3043 4973
1158 215 1230 285 B
1276 213 1344 286 3.
1421 212 1650 285 wa.
2365 213 2500 289 153

288 387 359 450 su
404 383 701 468 τῷν-εἴδει
745 386 912 452 dnae
954 386 1261 474 pluresve
1304 388 1602 454 dicuntur
1645 410 1776 467 ηε,
1819 410 1998 475 =quae
2041 390 2159 456 snb
2201 411 2392 455 unam
2437 405 2502 460 et

293 489 561 554 eandem
618 495 897 576 speciem
954 492 1215 571 cadunt,
1273 492 1345 555 ἓν
1396 490 1567 558 κατὰ
1622 489 1700 558 τὸ
1758 487 1929 569 εἶδος
1976 515 2049 558 ea
2097 506 2194 559 est
2237 499 2500 581 species,

290 615 458 679 quae
518 615 655 659 non
709 599 844 680 ipsa
902 598 1127 660 iterum
1180 599 1247 659 in
1293 601 1538 682 species
1585 596 1906 661 dividitur.
1999 598 2191 664 Unde
2235 609 2502 684 apparet

290 719 404 761 cur
448 696 635 761 aliter
679 701 744 761 in
789 708 1055 783 utraque
1100 703 1406 764 unitatum
1456 700 1862 765 distinctione
1919 701 2194 789 dignitas
2239 701 2498 772 definiar

290 811 422 875 tur3
482 804 775 865 nimirum
830 803 900 864 ἓν
957 802 1051 883 τῷ
1107 798 1382 886 ἀριθμῷ
1439 804 1881 888 perfectiorem
1935 805 2255 892 significat
2299 810 2499 870 unita-

290 914 447 982 tem,
496 928 679 989 quam
725 906 793 970 ἓν
837 908 930 987 τῷ
975 903 1153 982 εἴδει,
1206 908 1293 969 ita
1340 906 1594 990 quidem
1637 919 1710 972 ut
1752 907 1858 971 illa
1885 909 2070 994 §auc
2114 920 2178 973 et
2220 909 2497 994 reliquas

288 1011 566 1072 unitates
611 1008 793 1072 simul
842 1008 1313 1094 complectatur.
1383 1011 1457 1073 ln
1500 1033 1578 1074 ea
1616 1020 1821 1075 autem
1861 1011 2288 1089 distinctione,
2331 1035 2500 1098 quae

288 1111 413 1174 hoe
470 1111 620 1176 loco
679 1116 1051 1188 instituitur,
1110 1122 1181 1175 ut
1236 1111 1705 1200 distinguantur
1761 1113 2140 1198 ἀδιαίρετον
2189 1110 2364 1180 κατὰ
2419 1112 2497 1182 τὸ

286 1210 502 1279 ποσόν
546 1226 612 1279 et
650 1211 824 1280 κατὰ
867 1210 947 1280 τὸ
980 1212 1166 1291 εἶδος,
1212 1216 1358 1279 huie
1386 1221 1686 1282 maiorem
1717 1218 1910 1282 tribui
1943 1218 2318 1306 dignitatem
2347 1237 2495 1284 con:

286 1327 663 1383 sentaneum
694 1330 805 1398 est,
835 1323 1130 1406 quoniam
1163 1314 1334 1395 εἶδος
1362 1321 1626 1385 formam
1659 1324 1753 1386 rei
1784 1324 2134 1402 constituit,
2161 1345 2282 1410 per
2308 1343 2495 1409 quam

287 1421 351 1483 id
398 1431 496 1487 est
543 1421 716 1509 quod
764 1432 876 1500 est,
919 1418 1132 1486 ποσόν
1174 1444 1332 1487 vero
1380 1424 1459 1488 ad
1505 1428 1828 1492 materiam
1873 1447 2083 1511 prope
2120 1426 2381 1492 accedit.
2409 1464 2496 1478 --

285 1524 467 1587 Hauc
518 1527 717 1612 igitur
775 1524 1242 1591 distinctionem
1292 1528 1413 1592 τοῦ
1456 1525 1833 1613 ἀδιαιρέτου
1875 1527 2141 1592 adhibet
2185 1530 2265 1594 ad
2313 1534 2496 1596 aesti-

284 1628 513 1692 manda
560 1650 799 1716 genera
847 1652 1082 1694 summa
1130 1639 1195 1694 et
1239 1632 1483 1715 species
1520 1631 1799 1705 ultimam
1845 1630 1994 1695 illae
2030 1630 2398 1697 dividuntur
2427 1637 2494 1698 in

284 1736 548 1815 species,
590 1733 729 1811 hae,
776 1733 924 1798 licet
967 1732 1093 1798 dici
1137 1737 1392 1819 possint
1434 1733 1636 1799 dividi
1680 1739 1745 1799 in
1790 1757 1891 1799 res
1927 1735 2231 1823 singulaS,
2285 1747 2494 1802 tamen

282 1855 413 1900 nou
464 1834 835 1901 dividuntur
880 1840 944 1901 in
990 1841 1239 1923 species
1293 1835 1415 1919 (οὐ
1458 1834 1588 1921 γάρ
1635 1843 1772 1903 ἐστι
1815 1842 2003 1921 γένος
2049 1836 2086 1903 ὁ
2132 1833 2496 1924 ἄνθρωπος

283 1961 411 2002 των
468 1939 669 2003 τινῶν
722 1936 1105 2026 ἀνθρώπων
1154 1944 1309 2021 115);
1374 1962 1533 2027 ergo
1593 1946 1918 2027 proximae
1974 1945 2221 2033 species
2277 1947 2494 2029 potius

283 2063 466 2125 quam
514 2064 753 2107 summa
797 2065 1036 2131 genera
1087 2067 1221 2109 eam
1267 2046 1504 2112 habent
1550 2047 1884 2123 unitatem,
1939 2066 2125 2132 quam
2168 2050 2493 2133 requirere

194 2231 197 2236 Ι
280 2144 535 2210 videtur
577 2149 871 2232 principii
918 2159 1161 2213 natura.

414 2249 681 2313 Accedit
739 2249 911 2315 aliud
966 2261 1435 2339 argumentum,
1482 2254 1803 2330 «16-14,
1860 2273 1936 2315 ex
1981 2272 2114 2337 quo
2156 2252 2492 2338 speciebus

279 2356 493 2436 potius
540 2375 725 2438 quam
764 2355 1105 2440 generibus
1140 2359 1433 2442 principii
1476 2356 1845 2443 dignitatm
1877 2354 2318 2441 assignandam
2351 2377 2491 2421 esse

279 2467 604 2541 appareat.
691 2458 859 2522 Sunt
898 2458 1204 2544 quaedam
1252 2462 1501 2546 species
1547 2462 1631 2525 ita
1677 2460 1843 2522 inter
1888 2479 1958 2523 se
2003 2462 2382 2524 coniunctae
2427 2469 2492 2526 et

280 2562 642 2639 continuae,
689 2572 759 2624 ut
801 2566 1083 2647 proxima
1125 2584 1416 2649 quaeque
1450 2585 1487 2626 a
1520 2565 1856 2647 superiore
1890 2562 2174 2647 pendeat
2208 2570 2274 2627 et
2306 2582 2488 2627 suum

278 2685 572 2749 quaeque
616 2668 683 2728 in
728 2670 893 2730 serie
938 2665 1203 2730 definita
1249 2665 1460 2730 locmn
1504 2665 1755 2729 habeat.
1835 2666 2011 2728 Haec
2055 2674 2153 2728 est
2197 2686 2490 2730 numero-

277 2789 431 2845 rum,
474 2768 637 2831 haec
677 2768 1019 2855 figurarum
1058 2773 1585 2856 geometricarum
1623 2771 1806 2832 ratio·
1875 2767 2284 2855 Singulorum
2321 2773 2489 2835 enim

277 2892 716 2950 numerorum,
761 2871 959 2937 veluti
1006 2872 1234 2958 dyadis
1280 2872 1498 2937 triadis
1543 2870 1832 2949 tetradis,
1890 2884 2112 2936 natura
2162 2894 2242 2936 eo
2290 2879 2489 2939 conti-

274 2985 465 3037 netur
511 2974 683 3060 quod
728 2976 832 3041 vel
864 2988 1343 3063 anteponuntur
1368 2976 1472 3040 vel
1504 2984 1985 3060 postponuntur
2016 2979 2203 3040 certis
2236 2978 2487 3062 quibus·

276 3076 417 3140 dam
468 3078 638 3154 aliis;
682 3080 900 3145 similis
945 3084 1165 3167 puncti
1206 3081 1411 3144 lineae
1446 3079 1618 3165 plani
1657 3083 1964 3163 corporis,
2003 3080 2302 3166 trianguli
2339 3104 2488 3166 qua-

277 3181 573 3268 dranguli
618 3182 734 3246 rel.
779 3187 949 3247 inter
991 3206 1061 3248 se
1105 3188 1290 3248 ratio,
1380 3184 1508 3246 Iam
1570 3180 1728 3246 nihil
1775 3181 2024 3266 quidem
2071 3181 2289 3247 obstat
2332 3202 2487 3267 quo·-

274 3288 483 3349 minus
527 3286 812 3374 singulas
858 3288 1102 3352 numeri
1160 3289 1406 3373 species
1459 3306 1589 3349 uno
1636 3288 1884 3349 numeri
1925 3306 2165 3373 genere
2209 3286 2487 3371 comple-

275 3399 549 3464 ctamur3
605 3390 718 3454 sed
773 3393 825 3454 si
872 3395 1010 3476 quis
1056 3393 1240 3456 huius
1284 3393 1569 3477 generiS,
1630 3390 1873 3453 numeri
1922 3388 2096 3465 dice,
2154 3392 2484 3487 notionem

277 3496 563 3580 cogitare
606 3493 713 3557 vel
758 3493 1026 3558 definire
1072 3497 1450 3579 susceperit,
1510 3491 1903 3573 descendere
1962 3512 2103 3556 eum
2132 3495 2487 3578 *oportebit

275 3596 352 3660 ad
414 3600 616 3682 ipsam
674 3597 1070 3684 singulorum
1124 3618 1533 3662 numerorum
1580 3601 1835 3676 seriem,
1894 3617 2103 3681 neque
2149 3597 2485 3683 quidquam

273 3700 541 3764 habebit
585 3700 757 3785 quod
802 3705 982 3787 quasi
1012 3702 1395 3765 abstractum
1431 3724 1467 3766 e
1498 3700 1767 3789 singulis
1798 3699 2134 3785 speciebus
2166 3721 2284 3785 pre
2320 3721 2486 3764 com

276 3826 445 3867 mum
492 3825 735 3891 genere
780 3816 1010 3891 ponat,
1056 3801 1175 3871 οὐκ
1219 3809 1403 3868 ἔσται
1446 3828 1544 3880 τις
1585 3797 1888 3891 ἀριθμος
1931 3805 2083 3884 (int.
2130 3800 2216 3878 ὡς
2257 3806 2488 3888 γένος)

275 3901 497 3994 παρὰ
541 3932 626 3973 τα
669 3905 810 3988 εἴδη
858 3910 987 3974 τῶν
1031 3905 1349 3993 ἀριθμων
1382 3908 1501 3983 ὁ8ς
1561 3929 1636 3972 ac
1691 3907 1960 3993 perinde
2004 3912 2233 3970 vanum
2280 3917 2378 3971 est
2421 3917 2487 3971 et

277 4013 482 4087 inane,
527 4015 579 4075 si
628 4013 767 4096 quis
812 4009 1234 4079 universalem
1275 4011 1521 4098 figurae
1560 4014 1892 4078 notionem
1922 4013 2264 4097 seiunxerit
2295 4032 2331 4073 a
2360 4014 2486 4074 sin-

275 4115 438 4201 gulis
482 4115 832 4202 figurarum
877 4115 1228 4201 speciebus.
1323 4115 1503 4202 Ergo
1564 4124 1628 4179 et
1671 4117 1737 4178 in
1783 4116 2059 4178 numeris
2106 4123 2171 4179 et
2212 4116 2278 4177 in
2323 4113 2485 4201 figu-

276 4222 362 4281 ris
419 4220 872 4284 mathematicis
928 4239 1060 4284 non
1108 4238 1413 4282 summum
1455 4239 1690 4306 genus,
1746 4239 2043 4283 numerus
2099 4216 2200 4281 vel
2259 4217 2483 4304 figura,

278 4322 387 4386 sed
435 4323 697 4388 ultimae
743 4326 1016 4409 species,
1071 4321 1270 4388 veluti
1326 4321 1488 4407 dyas
1547 4326 1699 4388 trias
1744 4323 2127 4411 triangulum
2174 4321 2482 4407 quadran-
