3043 4973
570 247 719 326 400
1407 244 1469 315 Θ
1515 241 1586 317 8.
1669 241 1938 317 1049ὺ.

571 435 711 491 ctae
754 434 917 503 sunt,
965 445 1077 490 eae
1123 445 1258 489 non
1304 415 1560 502 candor,
1605 421 1720 487 sed
1767 418 2076 485 candidae
2112 424 2574 503 nuncupantur.
2643 412 2785 479 Sed

571 528 1018 595 affectionibus
1052 526 1339 592 subiecta
1376 538 1472 591 est
1504 527 1854 591 substantia
1888 522 2168 601 definita,
2202 524 2461 586 materia
2491 540 2645 584 vero
2684 521 2786 582 in-

573 633 836 699 definita
881 632 1167 697 subiecta
1213 639 1311 695 est
1355 630 1603 695 formae
1649 652 1769 715 qua
1818 628 2160 694 definiatur
2217 622 2429 708 (εἶδος
2470 624 2579 690 καὶ
2623 618 2784 687 τόδε

570 761 636 803 τι
669 731 746 802 τὸ
782 729 1355 820 κατηγορούμενον
1389 736 1584 815 1135),
1615 734 1695 798 cf.
1721 733 1895 798 Alex.
1922 730 2204 818 Aphrod.
2228 729 2493 814 Quaest.
2517 728 2547 790 Ι
2578 728 2636 792 8.
2673 728 2783 791 17.

573 842 794 926 Itaque
839 842 1193 924 comparari
1236 842 1404 903 inter
1447 860 1517 902 se
1563 834 2034 922 quodammodo
2079 843 2354 921 possunt
2410 832 2787 897 affectio‘et

572 946 852 1020 materia,
897 952 1123 1030 utpote
1162 955 1428 1028 utraque
1463 940 1815 1020 indefinita,
1854 942 1958 1016 bl,
2004 961 2081 1004 ac
2117 936 2381 1003 similem
2419 938 2486 1001 in
2523 934 2784 1000 modum

576 1068 652 1112 ex
696 1057 961 1131 utraque
1005 1069 1106 1111 res
1151 1057 1616 1132 nuncupantur.

708 1151 847 1215 1⁸18
892 1151 1056 1214 ἔοικε
1103 1150 1170 1215 δὲ
1215 1149 1350 1214 κτλ.
1442 1150 1975 1214 Enunciationem
2034 1143 2523 1211 continuandam
2566 1142 2786 1229 putavi

576 1275 777 1341 usque
823 1251 903 1316 ad
948 1248 1221 1339 ὕστερόν
1265 1257 1441 1319 ἐστιν
1482 1256 1637 1331 α22,
1685 1262 1755 1317 ut
1796 1273 1912 1339 per
1957 1248 2422 1315 anacoluthiam
2470 1246 2783 1336 quandam

575 1380 678 1423 vv.
723 1354 829 1422 ἀεὶ
871 1360 1076 1422 ἐκεῖνο
1121 1358 1256 1421 κτλ.
1300 1378 1423 1444 pro
1482 1355 1757 1444 apodosi
1808 1355 2186 1432 habeantur,
2245 1355 2424 1439 quasi
2480 1355 2780 1437 scriptum

546 1466 684 1542 ,sitt
743 1462 907 1526 ’έοικε
953 1460 1052 1539 δέ,
1111 1458 1171 1525 εἴ
1215 1484 1281 1525 τι
1324 1460 1599 1546 λέγομεν
1644 1457 1725 1527 οὐ
1766 1456 1916 1526 τόδε
1961 1455 2110 1523 ἀλλ’
2149 1458 2462 1522 ἐκείνινον
2507 1493 2586 1506 -
2636 1449 2784 1521 οἷον

577 1558 654 1631 τὸ
698 1559 1004 1649 κιβώτιον
1050 1567 1201 1644 (int.
1247 1565 1544 1649 λέγεται)
1591 1561 1672 1630 οὐ
1716 1559 1913 1643 ξύλον
1959 1556 2131 1627 ἀλλὰ
2177 1554 2469 1640 ξύλινον,
2514 1554 2661 1624 οὐδὲ
2705 1550 2781 1622 τὸ

579 1665 775 1750 ξύλον
819 1669 905 1752 γῆ
949 1663 1121 1732 ἀλλὰ
1164 1664 1413 1751 γήϊνον,
1465 1664 1669 1734 πάλιν
1711 1665 1756 1748 ἡ
1802 1668 1887 1751 γῆ
1932 1671 1988 1731 εὶ
2032 1660 2238 1740 οὕτως
2280 1655 2373 1748 μὴ
2418 1655 2583 1728 ἄλλο
2629 1663 2781 1741 (int.

577 1775 874 1857 λέγεται)
921 1768 1068 1836 ἀλλ’
1107 1773 1418 1839 ἐκείνινον
1465 1809 1580 1851 ·-,
1636 1769 1741 1838 ἀεὶ
1784 1776 1989 1835 ἐκεῖνο
2037 1773 2190 1850 (int.
2233 1762 2404 1835 καθ’
2446 1760 2484 1830 ὃ
2528 1765 2784 1849 λέγεται

576 1899 642 1942 τι
686 1878 1036 1956 ἐκείνινον)
1085 1871 1358 1959 δυνάμει
1399 1873 1694 1954 ἁπλῶς(
1707 1878 1748 1941 i.
1782 1896 1837 1940 e.
1883 1876 2133 1961 κυρίως,
2188 1894 2317 1960 quo
2363 1891 2556 1935 sensu
2599 1879 2783 1934 antea

579 1990 678 2046 est
716 1983 1112 2065 expositum)
1157 1974 1232 2044 τὸ
1276 1974 1554 2065 ὕστερόν
1598 1982 1736 2043 ἐστι
1779 1980 1958 2059 (sive
1996 1976 2178 2056 εἶναι,
2222 1980 2274 2041 si
2318 1978 2665 2039 accuratius
2702 1972 2785 2037 ad

577 2107 639 2148 v.
677 2085 842 2149 ἔοικε
885 2086 1364 2170 respiceretur).
1394 2120 1482 2132 --
1518 2083 1655 2147 1123
1701 2078 1925 2158 ἁπλῶς
1967 2082 2029 2147 h.
2061 2082 2104 2146 l.
2150 2080 2318 2146 idem
2366 2100 2507 2143 esse
2552 2100 2626 2142 ac
2665 2100 2787 2141 κα-

579 2183 816 2265 θόλου,
849 2210 924 2251 ex
958 2190 1260 2273 opposito
1292 2186 1477 2250 τουδί
1508 2187 1952 2272 cognoscitur3
1986 2184 2065 2248 cf.
2095 2179 2263 2259 ὅλως
2285 2184 2348 2246 Ζ
2364 2183 2426 2247 8.
2453 2183 2653 2247 1033ῠ
2676 2182 2785 2246 26.

584 2327 665 2342 --
693 2292 829 2354 1125
864 2287 1006 2355 κατ’
1038 2284 1202 2355 ἄλλο
1232 2290 1456 2374 scripsi
1482 2309 1604 2374 pro
1635 2288 1811 2378 vulg.
1835 2286 1979 2353 κατ’
2011 2282 2234 2364 ἄλλον,
2265 2290 2411 2372 quia
2444 2307 2579 2351 non
2609 2306 2788 2371 prae-

581 2394 828 2459 dicatur
861 2415 964 2458 res
996 2392 1077 2457 de
1108 2393 1368 2457 materia
1402 2392 1764 2475 (λέγεσθαι
1794 2387 1966 2456 κατά
2001 2393 2235 2471 τινος),
2272 2391 2387 2454 sed
2419 2412 2494 2454 ex
2526 2412 2600 2454 ea
2630 2395 2790 2453 nuti-

582 2510 866 2585 cupatur,
910 2498 991 2563 cf.
1029 2500 1139 2562 bl:
1185 2497 1507 2580 λέγεόθαι
1549 2492 1723 2560 κατὰ
1763 2493 1885 2576 τὴν
1922 2491 2105 2575 ὕλην.
2179 2495 2465 2559 Eandem
2499 2493 2789 2560 emenda-

582 2607 819 2669 tionem
851 2603 1192 2689 proposuit
1217 2601 1447 2664 Waitz
1483 2600 1646 2687 Org.
1678 2599 1755 2664 ΙΙ.
1786 2623 1850 2686 p.
1880 2600 2028 2664 403.
2056 2638 2145 2649 -
2183 2601 2319 2665 ‹128
2361 2594 2439 2663 τὸ
2484 2593 2789 2664 καθόλου

583 2729 696 2773 cur
732 2708 792 2772 h.
820 2705 864 2772 l.
905 2714 1308 2793 comparetur
1351 2726 1492 2769 cum
1539 2703 1881 2781 substrato,
1929 2701 2223 2789 equidem
2258 2723 2393 2769 non
2427 2702 2742 2790 intelligo.

1435 2965 1663 3041 cAP.
1725 2930 1937 3040 VIII.

719 3109 949 3176 Actum
969 3111 1264 3196 priorem
1293 3091 1437 3176 esce
1465 3134 1661 3198 quam
1680 3110 2043 3196 potentiam
2074 3118 2136 3175 et
2164 3108 2555 3195 cognitione,
2590 3109 2789 3174 1049b

588 3216 897 3296 10-17,
932 3224 1005 3280 ct
1043 3224 1328 3302 tempore
1366 3253 1455 3265 —
1487 3216 1697 3280 1050a
1719 3217 1787 3297 3,
1831 3224 1896 3280 et
1931 3214 2296 3280 substantia
2331 3250 2418 3263 —-
2451 3215 2659 3279 1051a
2681 3213 2743 3278 3.

716 3334 1139 3421 Indagaturus
1196 3345 1405 3401 utrum
1465 3343 1642 3399 actus
1698 3337 1879 3421 prior
1922 3337 2005 3399 sit
2049 3356 2129 3399 an
2177 3337 2496 3421 potentia,
2554 3331 2789 3419 duplici

585 3441 839 3503 ratione
884 3442 1319 3522 quaestionem
1363 3448 1733 3525 praeparat;
1789 3443 2021 3504 etenim
2068 3448 2133 3502 et
2176 3460 2303 3525 quo
2352 3438 2590 3520 ambitu
2634 3437 2789 3499 acci-

585 3540 820 3629 pienda
866 3544 948 3605 sit
990 3545 1316 3627 potentiae
1361 3547 1544 3607 notio
1593 3543 2060 3621 circumscribit,
2105 3564 2293 3629 quum
2342 3553 2518 3608 actus
2564 3541 2790 3604 dicitur

586 3649 765 3733 prior
810 3665 950 3709 esse
993 3648 1312 3731 potentia,
1371 3657 1436 3709 et
1482 3644 1762 3711 diversas
1810 3646 2139 3735 distinguit
2180 3648 2303 3712 τοῦ
2343 3641 2671 3733 πρότερον
2713 3646 2789 3707 si-

587 3748 1054 3837 gnificationes,
1100 3749 1181 3814 ad
1226 3770 1380 3835 quas
1424 3758 1634 3813 utrum
1675 3753 1914 3836 pariter
1943 3749 2050 3815 illa
2083 3752 2445 3837 propositio
2476 3751 2791 3835 pertineat

589 3857 929 3940 quaeritur.
985 3854 1278 3917 Potentia
1309 3856 1519 3939 igitur,
1558 3857 1658 3932 ait,
1695 3853 1883 3939 quum
1921 3857 2197 3940 priorem
2230 3859 2435 3920 actum
2468 3874 2608 3918 csse
2639 3852 2790 3917 dici-

496 4043 500 4048 ·
588 3980 744 4037 muS,
781 3979 915 4023 non
947 3978 1110 4044 opus
1142 3967 1239 4021 est
1271 3962 1687 4023 consistamus
1718 3961 1881 4022 intra
1917 3958 2081 4023 fines
2120 3953 2455 4041 δυνάμεως
2488 3960 2607 4036 τῆς
2640 3954 2790 4042 ὡρι-

590 4065 830 4146 σμένης
866 4064 970 4139 ὁδ,
1006 4065 1047 4127 i.
1079 4083 1133 4126 e.
1170 4067 1498 4148 potentiae
1535 4064 1933 4149 potissimum
1973 4063 2100 4127 hoc
2136 4065 2395 4126 nomine
2434 4060 2789 4148 appellatae

591 4171 656 4230 et
690 4164 770 4228 ab
809 4167 992 4229 initio
1028 4168 1423 4250 quaestionis
1461 4165 1829 4253 descriptae,
1875 4160 1919 4246 ἢ
1965 4168 2220 4250 λέγεται
2256 4160 2425 4252 ἀρχὴ
2462 4165 2788 4249 μεταβλη-

587 4262 736 4348 τικὴ
780 4272 851 4334 ἐν
894 4266 1073 4351 ἄλλῳ
1114 4258 1155 4358 ᾖ
1200 4266 1395 4348 ἄλλο,
1441 4269 1557 4334 sed
1602 4293 1792 4357 quum
1837 4282 2060 4336 natura
2108 4291 2186 4334 eo
2235 4269 2491 4357 quidem
2537 4268 2790 4334 differat

590 4396 626 4438 a
672 4375 978 4459 potentia,
1030 4372 1205 4460 quod
1248 4375 1629 4460 principium
1676 4384 1772 4439 est
1816 4374 2118 4442 movendi
2161 4378 2230 4441 in
2275 4374 2501 4441 eodem
2546 4395 2679 4440 non
2721 4376 2787 4438 in
