3043 4973
555 221 702 297 450
1377 223 1425 291 I
1470 217 1584 292 10.
1670 217 1937 292 105⁹&

554 420 675 486 ger
728 396 956 485 procul
1012 395 1210 463 dubio
1271 393 1507 459 diversi
1558 404 1707 459 sunt
1749 397 1993 479 specie3
2050 392 2253 459 nihilo
2297 402 2506 461 tamen
2552 396 2765 459 secius

553 506 623 567 in
669 500 896 566 eodem
940 521 1211 588 genere,
1266 498 1468 564 veluti
1511 499 1819 574 humano,
1868 508 1932 561 et
1975 495 2160 562 albus
2207 507 2272 562 et
2314 500 2502 586 niger
2541 507 2768 584 potest

555 608 826 671 inveniri
883 605 1095 683 color,
1153 605 1317 690 quin·
1362 605 1552 667 etiam
1611 601 1816 666 eidem
1873 600 2117 666 homini
2176 600 2312 666 aliis
2366 601 2765 689 temporibus

553 709 751 775 modo
796 707 981 772 albus
1023 707 1218 773 modo
1261 711 1447 793 niger
1483 705 1670 770 color
1705 715 1922 791 potest
1957 704 2261 783 accidere,
2303 726 2512 792 neque
2550 718 2767 770 tamen

557 834 631 878 ex
676 812 797 876 hac
841 810 1208 876 diversitate
1254 810 1541 875 colorum
1585 809 1868 886 illorum,
1921 812 2029 894 qui
2080 808 2314 875 diversi
2361 831 2500 874 esse
2545 813 2768 896 specie

555 915 818 981 iudicati
857 927 1022 991 sunt,
1069 913 1396 978 diversitas
1436 913 1679 1001 speciei
1720 912 2031 978 humanae
2077 911 2370 990 efficitur,
2415 914 2767 979 1130—35.

556 1022 733 1085 Haec
777 1023 831 1083 si
875 1022 1013 1104 quis
1059 1021 1329 1084 animum
1375 1017 1693 1082 induxerit
1733 1016 2031 1095 obiicere,
2077 1015 2426 1102 respondet
2453 1019 2770 1082 Aristote-

480 1146 496 1164 ·
556 1124 651 1188 les
687 1126 841 1188 ⁶36:
888 1115 1062 1186 ἀλλὰ
1095 1123 1226 1187 τῶν
1269 1122 1583 1187 ἐναντίων
1619 1112 1704 1184 τὰ
1736 1121 1855 1203 μὲν
1892 1115 2064 1184 κατὰ
2101 1114 2511 1204 συμβεβηκὸς
2547 1116 2767 1208 ὑπάρ-

548 1250 653 1314 χει
696 1229 894 1303 ἐνίοις
936 1226 1070 1290 κτλ.
1159 1224 1490 1308 Quaedam
1551 1227 1873 1288 contraria
1914 1226 2005 1288 ita
2049 1233 2199 1288 sunt
2242 1235 2635 1311 comparata,
2689 1234 2769 1289 ut

557 1329 973 1396 accidentium
1029 1328 1180 1394 loco
1222 1331 1291 1393 in
1336 1325 1709 1414 quibusdam
1755 1328 1944 1394 rebus
2004 1326 2356 1393 habeantur
2409 1350 2531 1393 nec
2574 1350 2769 1414 quam

555 1439 733 1523 ipsae
777 1434 1017 1499 habent
1056 1435 1299 1520 speciei
1343 1432 1773 1497 diversitatem
1820 1453 1957 1496 eam
1993 1431 2073 1497 ad
2110 1432 2239 1510 hae,
2284 1432 2512 1518 quibus
2543 1433 2768 1496 inhae-

554 1549 728 1619 rent,
773 1560 875 1604 res
921 1538 1327 1617 transferant3
1385 1535 1507 1602 alia
1552 1556 1709 1601 vero
1757 1536 2067 1603 eiusmodi
2110 1547 2287 1615 sunt,
2335 1547 2409 1602 ut
2451 1559 2768 1622 nusquam

554 1666 674 1731 pro
721 1641 1151 1707 accidentibus
1196 1643 1445 1728 possint
1487 1639 1724 1716 haberi,
1770 1650 1960 1725 atque
2003 1643 2071 1705 in
2117 1641 2213 1704 his
2259 1650 2356 1706 est
2399 1634 2475 1707 τὸ
2523 1644 2769 1730 φθαρ-

557 1744 677 1814 τόν
723 1758 787 1812 et
830 1741 907 1811 τὸ
954 1738 1339 1832 ἄφθαρτον.
1417 1742 1605 1827 Quae
1651 1747 1703 1808 si
1750 1743 2168 1809 accidentium
2213 1748 2277 1809 vi
2322 1766 2397 1807 ac
2439 1755 2768 1831 potestate

560 1850 747 1916 alicui
792 1854 884 1915 rei
926 1849 1351 1925 inhaererent,
1395 1857 1632 1932 posset·
1662 1850 1953 1913 nimirum
1999 1847 2219 1913 eadem
2264 1870 2383 1926 ree,
2430 1871 2619 1934 quum
2666 1870 2770 1912 es-

557 1965 654 2020 set
700 1948 1015 2043 φθαρτή,
1074 1973 1215 2017 esse
1261 1953 1448 2016 etiam
1493 1944 1889 2041 ἄφθαρτος,
1939 1951 2115 2038 quod
2160 1953 2496 2019 manifesto
2540 1954 2770 2017 harum

559 2061 893 2124 notionum
939 2066 1209 2122 naturae
1252 2065 1588 2143 repugnat.
1663 2056 1842 2144 Ergo
1889 2077 2021 2121 non
2067 2055 2262 2122 modo
2307 2060 2486 2144 ipsae
2530 2078 2647 2144 per
2689 2078 2770 2122 se

554 2164 858 2227 notiones
902 2162 1024 2225 τοῦ
1066 2160 1391 2247 φθαρτοῦ
1434 2170 1500 2222 et
1541 2159 1662 2223 τοῦ
1706 2155 2075 2247 ἀφθάρτου
2114 2163 2282 2224 inter
2320 2181 2393 2225 se
2430 2172 2577 2226 sunt
2610 2182 2771 2226 con-

556 2264 815 2343 trariae,
874 2262 987 2329 sed
1046 2265 1429 2348 ubicunque.
1465 2256 1669 2326 altera
1711 2283 1814 2326 res
1862 2273 1958 2327 est
2001 2273 2257 2328 aeterna
2303 2263 2500 2329 altera
2547 2285 2770 2330 corru-

555 2368 830 2457 ptibilis‚
885 2371 1067 2456 ipsae
1121 2347 1340 2432 har'um
1398 2366 1789 2431 substantiae
1844 2368 2013 2431 inter
2067 2390 2138 2437 se
2192 2372 2545 2436 contrariae
2590 2379 2765 2433 sunt.

554 2473 633 2542 Id
676 2477 872 2563 igitur
916 2495 991 2538 ex
1037 2494 1163 2558 quo
1214 2482 1277 2537 et
1320 2494 1440 2558 per
1483 2470 1678 2558 quod,
1721 2482 2035 2559 tamquam
2077 2475 2453 2560 principium
2500 2462 2577 2562 (ᾗ
2624 2465 2765 2560 ἄρα

555 2581 669 2645 καὶ
710 2575 876 2644 καθ’
916 2571 954 2642 ὃ
1000 2577 1262 2661 πρῶτον
1301 2579 1464 2657 α9),
1523 2575 1723 2642 altera
1772 2599 1875 2641 res
1920 2588 2179 2642 aeterna
2224 2590 2337 2658 est,
2382 2577 2766 2662 corruptibi-

554 2683 636 2749 lis
683 2682 910 2763 altera,
968 2682 1095 2747 hoc
1150 2691 1248 2747 est
1298 2692 1506 2747 autem
1553 2679 1947 2747 substantiae
1989 2684 2165 2767 ipsae
2206 2704 2443 2761 rerum,
2501 2681 2764 2746 alterius

557 2798 886 2866 aeternae,
942 2783 1200 2852 alterius
1234 2784 1716 2872 corruptibilia,
1772 2789 1839 2851 in
1896 2807 1967 2850 se
2023 2788 2353 2851 continent
2409 2788 2765 2873 oppositio-

550 2912 724 2966 nem.
812 2888 1032 2975 Quare
1087 2909 1223 2953 non
1280 2887 1477 2954 modo
1535 2892 1753 2975 specie
1810 2888 2094 2955 diversas
2142 2910 2281 2956 esse
2326 2899 2590 2975 oportet
2632 2892 2780 2954 sin-l

556 2989 744 3082 gulas
788 3013 890 3057 res
936 3002 1226 3056 aeternas
1272 3003 1337 3055 et
1379 2991 1662 3079 singulas
1708 2991 2179 3078 corruptibileS,
2232 2993 2408 3079 quod
2451 3016 2486 3058 a
2531 2996 2765 3080 princi-

555 3101 667 3185 pio
706 3097 788 3162 ad
825 3094 1385 3162 demonstrandum
1421 3095 1923 3183 proponebatur,
1967 3096 2100 3175 sed,
2144 3100 2441 3182 quoniam
2470 3097 2765 3164 substan-

557 3207 684 3268 tiae
730 3203 1241 3266 contrarietatem
1285 3210 1682 3286 receperunt,
1728 3203 1870 3286 ipso
1917 3222 2155 3288 genere
2203 3199 2524 3266 differunt.

689 3306 818 3369 Iam
855 3303 1043 3370 facile
1080 3314 1360 3391 apparet,
1406 3314 1802 3390 quantopere
1839 3304 1918 3368 ab
1952 3306 2069 3383 hia,
2105 3326 2267 3390 quae
2303 3304 2763 3370 demonstravi-

556 3430 723 3486 mus,
746 3406 1074 3472 Platonica
1109 3407 1392 3473 idearum
1431 3407 1720 3474 doctrina
1758 3408 2090 3494 discrepet,
2127 3410 2481 3474 alo-14.
2543 3409 2762 3495 Quum

557 3515 725 3590 enim
769 3522 1023 3598 praeter
1064 3511 1392 3577 mortalem
1436 3513 1755 3579 hominem
1799 3511 2005 3578 ideam
2040 3524 2292 3600 ponunt
2319 3514 2592 3578 hominis
2622 3516 2763 3577 sive

461 3616 517 3704 ’θ
556 3615 972 3683 immortalem
1016 3616 1364 3693 hominem,
1413 3639 1683 3702 eumque
1739 3640 1882 3682 cum
1923 3617 2178 3682 mortali
2219 3638 2355 3681 non
2400 3615 2596 3682 modo
2642 3636 2764 3680 no-

557 3742 705 3786 men
743 3717 904 3807 (οὐχ
941 3714 1257 3804 ὁμώνυμα
1293 3721 1446 3799 α14,
1488 3720 1565 3785 cf.
1599 3720 1681 3785 ad
1710 3723 1784 3786 A
1811 3724 1873 3788 6.
1905 3723 2065 3788 9871)
2091 3724 2217 3802 10)
2254 3720 2371 3785 sed
2402 3723 2586 3784 etiam
2618 3741 2763 3806 spe-

560 3826 717 3889 ciem
750 3845 1144 3889 communem
1173 3823 1411 3889 habere
1440 3824 1867 3890 contendunt:
1896 3825 2232 3891 manifesto
2264 3823 2532 3891 concedi
2562 3844 2761 3909 posse

558 3927 954 4007 arbitrantur,
999 3938 1070 3992 ut
1107 3937 1432 4010 aeternum
1467 3929 1787 4015 quidpiam
1827 3937 1891 3993 et
1927 3926 2102 3993 aliud
2141 3926 2556 4014 corruptibile
2593 3931 2762 3992 eius-

559 4029 704 4096 dem
747 4034 874 4096 sint
917 4033 1174 4116 speciei.
1259 4033 1401 4098 Nos
1444 4053 1605 4097 vero
1649 4032 2220 4098 demonstravimus
2265 4027 2341 4097 τὸ
2387 4025 2762 4120 ἄφθαρτον

561 4147 629 4212 et
670 4128 747 4212 τὸ
792 4131 1146 4222 φθαρτόν,
1202 4148 1267 4202 et
1308 4158 1423 4223 per
1468 4158 1537 4200 se
1582 4148 1647 4201 et
1690 4137 2052 4223 ubicunque
2100 4135 2367 4223 singulis
2412 4134 2601 4200 rebus
2647 4132 2760 4210 ad:

556 4239 840 4316 haerent,
883 4258 1016 4304 non
1060 4238 1257 4303 modo
1302 4241 1558 4324 speciei,
1599 4239 1717 4305 sed
1748 4244 1950 4320 etiam,
1997 4262 2158 4327 quae
2188 4240 2376 4305 latius
2406 4248 2600 4326 patet,
2642 4259 2758 4328 ge-

556 4346 728 4421 neris
768 4346 838 4422 in
880 4363 952 4412 se
997 4343 1329 4425 continere
1373 4340 1817 4420 diversitatem.
