3043 4973
1315 1 1332 2 ἶ
1366 0 1407 15 f
1517 1 1615 2 7777
1766 1 1773 2 l
1822 1 1873 2 ⁷.
1946 1 1949 2 γ
2026 1 2033 2 l

1161 209 1237 283 A
1260 206 1357 281 ¹3.
1430 204 1659 329 98⁴}oe
2418 206 2513 285 67

632 372 674 453 ᾗ
712 383 769 439 δὲ
805 377 928 447 maiar
954 377 1293 441 ἆλλᾶσσοντα
1329 384 1612 455 διαμπερὲς
1649 378 1861 453 οὐδαμὰ
1897 379 2052 453 λήγει,

628 463 805 541 ταύτῃ
845 463 898 521 δ’
925 471 1036 523 αἰὲν
1072 472 1218 522 ἴασιν
1252 463 1465 537 ἇκινητὶ
1502 468 1644 521 κατὰ
1681 466 1879 523 κύκλον.

293 583 397 657 Cf.
442 584 905 655 Panzerbieter
947 588 1255 677 Beitrage
1310 607 1426 661 zur
1470 587 1633 655 Krit.
1678 587 1812 655 und
1857 585 2033 655 Erkl.
2086 585 2199 653 des
2243 584 2512 674 Emped.

290 689 674 776 Meiningen
721 691 914 759 1844.
959 713 1026 777 p.
1064 691 1172 757 22.

419 793 595 857 9841:
637 795 719 861 ll
767 788 1339 881 Ἀναξαγόρας
1383 793 1465 861 δὲ
1511 830 1592 841 -
1645 796 1728 859 16
1777 794 2201 878 διαμένειν
2259 788 2513 857 ἀΐδια.

290 897 740 983 Anaxagoram
787 895 960 982 quod
1008 895 1162 965 dicit
1192 896 1570 965 Aristoteles
1617 906 1826 963 aetate
1871 900 2149 984 priorem
2198 915 2337 961 esse
2368 896 2516 963 Em-

290 998 569 1086 pedocle
614 1007 756 1075 τοῖς
799 997 858 1065 δ’
898 1001 1113 1084 ἔργοις
1151 995 1457 1090 ὕστερον,
1501 999 1664 1067 illud
1706 999 1959 1085 quidem
2006 1008 2298 1087 apparet,
2351 1020 2515 1085 quo-

288 1107 461 1171 niam
504 1102 592 1168 de
634 1101 1023 1189 philosopho
1068 1106 1291 1193 agitur,
1333 1096 1424 1169 τα
1459 1105 1620 1191 ἔργα
1660 1106 1861 1191 ipsam
1907 1106 2041 1169 eius
2085 1123 2226 1169 esse
2273 1100 2508 1167 doctri-

288 1229 434 1275 nam
482 1216 550 1271 et
594 1205 1082 1293 philosophiam.
1173 1206 1304 1273 Sed
1361 1201 1631 1292 ὕστερος
1683 1205 1939 1273 dubium
1989 1215 2113 1285 est,
2171 1217 2378 1271 utrum
2426 1205 2509 1271 ad

287 1321 544 1396 tempus
585 1310 991 1375 referendum
1024 1313 1108 1374 sit
1150 1332 1280 1397 quo
1310 1308 1417 1375 vel
1446 1313 1737 1397 coeperit
1765 1308 2210 1398 philosophari
2238 1308 2344 1375 vel
2374 1307 2510 1396 pla-

285 1417 409 1483 cita
452 1435 573 1479 sua
618 1416 1032 1500 proposuerit
1057 1414 1492 1503 Anaxagoras,
1538 1436 1619 1479 an
1667 1413 1748 1479 ad
1793 1412 2124 1479 doctrinae
2169 1413 2511 1500 Anaxago-

285 1538 438 1583 reae
486 1517 845 1605 dignitaten
890 1528 956 1582 et
1000 1521 1457 1589 auctoritatem.
1545 1517 1712 1582 Illud
1757 1519 1810 1582 si
1855 1517 2223 1603 probamus,
2268 1518 2509 1581 Anaxa-

285 1642 483 1709 goras
532 1610 941 1708 provectiore
987 1619 1239 1686 demum
1274 1631 1481 1686 aetate
1521 1619 1604 1686 ad
1640 1618 2109 1708 philosophiam
2147 1617 2375 1685 dicitur
2411 1640 2512 1685 ac-

287 1728 594 1802 cessisse,
654 1746 849 1810 quum
890 1727 1013 1791 iam
1057 1723 1517 1810 Empedocles,
1570 1727 1780 1789 minor
1822 1721 1932 1789 ille
1982 1721 2238 1809 quidem
2283 1732 2509 1801 aetate,

287 1850 468 1895 suam
514 1827 919 1914 explicuisset
961 1829 1345 1904 doctrinam3
1402 1829 1511 1914 qui
1565 1826 1822 1915 quidem
1867 1835 2144 1893 aetatum
2192 1824 2354 1891 ordo
2398 1846 2510 1891 ne-

288 1955 415 2018 que
463 1953 544 1996 ex
586 1953 665 1996 ea
709 1942 1064 2019 temporum
1108 1933 1377 2010 ratione,
1422 1929 1675 2016 qualem
1715 1951 1886 1995 nunc
1922 1928 2272 1997 divinamus
2306 1931 2509 2018 magis

288 2059 477 2123 quam
526 2039 990 2124 cognoscimus,
1035 2044 1253 2123 potest
1296 2034 1614 2123 redargui,
1662 2044 1727 2099 et
1757 2033 1836 2099 ab
1867 2033 2234 2112 Aristotele,
2278 2045 2349 2099 ut
2377 2045 2508 2103 tum

290 2152 427 2205 erat
471 2138 744 2205 arduum
787 2149 1144 2226 temporum
1185 2139 1469 2207 rationes
1515 2148 1905 2225 computare,
1949 2158 2068 2224 pro
2104 2158 2262 2202 vero
2298 2142 2511 2224 potuit

287 2244 539 2309 haberi.
628 2242 745 2309 Sin
801 2253 1007 2309 autem
1066 2237 1341 2329 ὕστερος
1399 2240 1481 2307 de
1540 2239 1852 2329 dignitate
1898 2240 2228 2307 doctrinae
2274 2240 2510 2309 dictum

286 2358 607 2436 putamus,
650 2367 785 2412 non
828 2356 1046 2433 potest
1088 2347 1626 2433 vituperationem
1671 2346 2036 2422 continere,
2081 2344 2258 2431 quod
2303 2344 2510 2413 voluit

286 2449 564 2518 Brandis
605 2450 837 2518 Gesch.
876 2450 928 2516 1.
969 2472 1033 2536 p.
1065 2449 1251 2529 2423,
1295 2451 1596 2536 quoniam
1632 2449 1685 2512 si
1719 2451 1857 2536 quis
1890 2459 1987 2514 est
2016 2443 2240 2534 ἡλικίᾳ
2269 2443 2506 2534 πρότε-

286 2579 437 2642 ρος,
495 2557 558 2620 ei
614 2575 753 2624 non
804 2563 1023 2642 potest
1064 2555 1223 2618 vitio
1273 2551 1410 2618 dari
1457 2551 1632 2640 quod
1677 2573 1812 2620 non
1857 2555 2094 2639 pariter
2140 2551 2510 2631 elaboravit,

286 2660 404 2726 sed
458 2669 539 2723 ut
592 2667 767 2723 recte
820 2660 1128 2743 opponi
1171 2659 1377 2744 possit
1420 2658 1624 2743 priori
1666 2655 1952 2722 membro
1998 2657 2077 2746 τῇ
2117 2656 2241 2744 μὲν
2285 2651 2508 2740 ἡλικία

284 2758 628 2849 πρότερος,
671 2759 927 2826 laudem
974 2759 1168 2832 debet
1209 2758 1592 2846 significare.
1657 2760 1805 2824 Hoc
1849 2761 2013 2826 enim
2053 2757 2376 2825 videbitur
2418 2757 2511 2824 di-

283 2872 452 2936 xisse
492 2863 904 2932 Aristoteles:
952 2864 1363 2951 Anaxagoras
1410 2864 1560 2930 licet
1604 2873 1813 2928 aetate
1855 2864 2034 2949 prior
2076 2864 2159 2928 sit
2190 2861 2510 2950 Empedo-

286 2970 402 3049 cle,
448 2980 666 3036 tamen
707 2972 762 3034 si
810 2970 943 3034 eius
985 2967 1340 3036 doctrinam
1375 2968 1766 3054 spectaveris
1802 2966 2267 3052 posterioribus
2302 2969 2507 3053 iisque

285 3073 705 3162 politioribus
762 3071 1164 3159 philosophis
1212 3071 1675 3138 accensendum
1720 3068 2057 3147 iudicabis;
2115 3068 2293 3156 quod
2338 3069 2506 3138 idem

283 3180 449 3246 infra
497 3177 656 3244 dicit
692 3178 755 3242 8.
785 3177 948 3242 9891>
972 3178 1042 3242 5:
1084 3169 1534 3260 Ἀναξαγόρας
1577 3210 1662 3266 ,-
1709 3170 1865 3249 ἴσως
1908 3166 1993 3237 ἂν
2037 3173 2281 3263 φανείη
2325 3195 2508 3238 και-

283 3282 964 3370 νοπρεπεστέρως
998 3280 1221 3361 λέγων.
1275 3280 1433 3346 ῠ19ι
1462 3271 1777 3360 βούλεται
1804 3278 2030 3357 μέντοι
2059 3298 2122 3339 τι
2152 3269 2509 3358 παραπλή-

285 3407 433 3452 σιον
476 3390 624 3460 τοῖς
660 3376 959 3469 ὕστερο
973 3406 1012 3449 ν
1049 3384 1401 3464 λέγουσι.
1472 3381 1657 3445 Hanc
1688 3375 2045 3464 explicandi
2073 3382 2386 3444 rationem
2418 3378 2507 3444 di-

284 3489 566 3577 ligenter
613 3496 678 3554 et
723 3488 1016 3572 exposuit
1061 3495 1125 3549 et
1171 3482 1635 3550 commendavit
1664 3484 1887 3546 Breier
1917 3482 2154 3548 Philos.
2197 3481 2310 3550 des
2342 3485 2513 3550 Ana-

282 3613 563 3681 xagoras
610 3613 674 3677 p.
707 3592 810 3668 85,
858 3610 1060 3676 eaque
1104 3588 1549 3674 interpretatio
1596 3588 1652 3650 si
1696 3605 1830 3650 non
1871 3589 2251 3668 necessaria,
2297 3598 2509 3656 tamen

283 3706 560 3784 propter
609 3714 753 3773 eoS,
801 3713 958 3779 quos
1007 3690 1386 3758 contulimus
1431 3679 1632 3767 locos,
1685 3689 2022 3756 admodum
2072 3701 2169 3756 est
2210 3690 2511 3778 probabi-

282 3798 377 3866 lis.
429 3836 516 3849 —
582 3797 1022 3885 Anaxagoram
1079 3798 1272 3884 igitur
1317 3791 1696 3858 Aristoteles
1747 3815 1882 3858 non
1927 3816 2066 3859 cum
2111 3794 2508 3881 Empedocle

284 3914 563 3989 quatuor
610 3898 943 3979 elementa,
991 3898 1106 3965 sed
1152 3897 1466 3966 infinitum
1514 3896 1975 3964 elementorum
2019 3892 2358 3966 numerum*
2389 3919 2511 3988 po·-

283 4010 488 4074 suisse
538 4003 724 4081 dicit;
772 4025 933 4090 quae
977 4001 1233 4090 quidem
1278 4001 1592 4070 elementa
1639 3999 1813 4089 quod
1855 3994 1941 4066 τὰ
1978 3998 2340 4088 ὁμοιομερῆ
2368 4002 2512 4067 Ari-

285 4109 553 4176 stoteles
600 4118 946 4195 nuncupat,
991 4129 1110 4176 suo
1158 4107 1371 4184 utitur,
1414 4126 1550 4174 non
1582 4106 2005 4193 Anaxagoreo
2051 4104 2391 4184 vocabulo,
2437 4115 2508 4170 ut

285 4211 651 4280 luculenter
682 4211 901 4277 docuit
924 4213 1155 4276 Breier
1182 4210 1225 4275 l.
1255 4209 1300 4278 l.
1332 4234 1396 4297 p.
1426 4212 1462 4275 1
1484 4247 1565 4260 —
1584 4211 1690 4276 45.
1759 4208 2086 4275 Adverbio
2119 4220 2328 4276 autem
2359 4228 2506 4294 σχε-

286 4312 404 4384 δόν
448 4356 539 4367 --
586 4309 827 4404 σχεδὸν
867 4310 996 4406 γὰρ
1044 4311 1312 4402 ἅπαντα
1362 4307 1445 4380 τὰ
1493 4310 1855 4402 ὁμοιομερῆ
1897 4352 1986 4362 -—
2030 4312 2330 4379 ambitum
2373 4313 2507 4378 ,τῶν

2022 4421 2054 4470 5
2075 4418 2097 4443 Ο
