3043 4973
1167 229 1244 298 Z
1284 224 1354 298 2.
1435 223 1706 300 10281).
1948 243 1957 260 ‘
2392 226 2540 303 297

285 424 291 428 ·
328 405 403 468 ἐν
445 402 543 486 ηδ’
584 396 865 469 ἑκάστου
907 396 1082 487 λόγῳ
1137 399 1257 468 τὸν
1306 404 1425 483 τῆς
1468 399 1702 480 οὐσίας
1744 397 2126 491 ἐνυπάρχειν
2169 405 2334 484 α35,
2392 405 2543 471 huic

328 507 581 573 demum
625 506 824 573 addas
870 507 1236 587 accidentia,
1281 507 1359 571 cf.
1405 505 1487 571 ad
1534 507 1589 571 A
1623 508 1728 572 28.
1777 508 1979 573 10241)
2017 510 2078 572 4.
2110 547 2198 559 -
2239 508 2540 595 Denique

328 635 523 700 quum
566 608 800 697 γνώσει
842 612 1105 700 πρῶτον
1148 610 1560 677 substantiam
1606 605 1747 676 esse
1793 610 1972 691 dicit,
2030 634 2107 678 ex
2162 615 2299 698 ipsa
2356 634 2541 701 argu-

325 714 654 781 mentandi
711 719 985 795 ratione,
1032 717 1389 796 uae—122,
1445 717 1860 803 cognoscitur
1914 737 2032 801 per
2085 714 2421 782 formulam
2472 719 2539 783 τί

327 824 466 885 ἐστι
526 840 658 885 non
714 822 980 906 primum
1039 819 1390 886 subiectum
1451 819 1560 884 vel
1622 821 1883 907 primam
1942 823 2331 907 categoriam
2388 821 2541 901 (die

330 922 718 1003 suham),
761 923 878 988 sed
922 925 1121 1010 ipsam
1165 928 1261 989 rei
1301 935 1587 989 namin
1632 924 1798 1004 (das
1839 922 2124 1005 Wesen)
2170 923 2538 1012 significari.

328 1027 618 1093 Eandem
676 1025 1177 1116 ambiguitatem,
1233 1048 1398 1114 quae
1444 1028 1505 1093 h.
1550 1026 1592 1092 1.
1636 1030 1705 1092 in
1748 1048 1929 1093 vocc.
1974 1020 2050 1096 τὸ
2095 1029 2160 1092 τί
2202 1032 2343 1093 ἐστι
2386 1050 2541 1094 com·

326 1133 544 1217 spicua
592 1141 716 1209 est,
760 1134 827 1196 in
873 1133 1011 1218 ipsa
1058 1134 1244 1196 etiam
1290 1129 1525 1206 οὐσίας
1566 1134 1834 1196 notione
1881 1133 2223 1211 contineri,
2276 1153 2539 1219 appare-

327 1234 424 1300 bit
468 1257 542 1300 ex
587 1235 1021 1321 disputatione
1068 1256 1204 1320 cap.
1235 1236 1298 1299 3.
1337 1273 1425 1285 —
1460 1237 1547 1300 115
1593 1237 1670 1300 οἱ
1715 1231 1773 1299 δ’
1812 1228 2131 1323 ἄπειρα.
2202 1237 2538 1326 Anaxago-

326 1361 461 1405 ram
521 1350 587 1404 et
628 1340 1066 1405 Democritum
1125 1337 1399 1426 intelligi
1454 1360 1610 1405 vere
1656 1339 1833 1405 Alex.
1892 1349 2129 1406 monet.
2178 1378 2259 1394 —
2307 1341 2390 1406 117
2439 1338 2539 1419 ὡς

328 1447 623 1522 εἰπεῖν,
668 1443 746 1508 cf.
792 1443 873 1509 ad
919 1442 991 1507 A
1039 1444 1099 1508 1.
1144 1443 1313 1509 98⁰⁶
1352 1443 1456 1507 25.

1234 1688 1461 1765 CAP.
1530 1689 1629 1764 II.

459 1847 823 1936 Antequam
877 1847 1283 1918 substantiae
1339 1860 1647 1916 naturam
1704 1851 2106 1935 investigare
2149 1851 2293 1938 ipse
2332 1856 2539 1919 suaci-

316 1954 445 2039 pit,
488 1955 714 2018 varias
755 1963 820 2019 et
861 1954 1045 2040 vulgi
1088 1963 1152 2020 et
1184 1952 1721 2040 philosophorum
1752 1954 1836 2020 de
1871 1978 1951 2020 ea
1985 1958 2341 2022 sententias
2368 1981 2537 2043 pau-

325 2060 427 2123 cic
470 2067 817 2123 enummzt.

464 2180 665 2243 10286
707 2179 750 2242 8
797 2178 1026 2243 δοκεῖ
1069 2215 1158 2229 —-
1205 2180 1288 2244 13
1334 2173 1587 2258 ἥλιος.
1676 2176 2026 2264 Vulgarem
2083 2178 2408 2245 hominum
2454 2179 2539 2246 de

325 2281 684 2347 substantia
743 2284 1115 2368 opinionem
1172 2281 1521 2370 significari
1578 2302 1932 2369 cognoscas
1992 2304 2027 2346 e
2084 2283 2297 2349 verbis
2343 2285 2537 2364 δοκεῖ,

326 2381 794 2475 φανερώτατα,
839 2390 1078 2475 φαμέν.
1169 2384 1579 2470 Corporibus
1627 2395 1833 2450 autem
1881 2390 2196 2450 communi
2242 2387 2380 2453 fere
2422 2388 2538 2452 bo-

323 2493 561 2555 minum
608 2511 923 2556 consensu
969 2490 1164 2556 tribui
1207 2489 1602 2555 substantiae
1649 2488 2034 2577 dignitatem,
2080 2512 2274 2577 saepe
2318 2503 2538 2558 monet

327 2594 727 2672 Aristoteles,
750 2594 828 2658 cf.
851 2596 942 2658 H
958 2598 1016 2659 l.
1043 2594 1256 2659 1042a
1279 2595 1385 2658 25.
1430 2597 1504 2658 Λ
1533 2595 1593 2656 1.
1624 2594 1833 2658 1069α
1850 2595 1957 2658 30.
2007 2597 2095 2659 Μ
2109 2597 2169 2659 2.
2199 2596 2322 2658 107
2330 2597 2408 2659 7«
2426 2597 2533 2660 31.

328 2708 396 2762 et
424 2695 506 2760 ad
534 2701 589 2763 A
609 2699 670 2763 8.
706 2701 910 2765 10171)
935 2700 1039 2764 10.
1122 2696 1324 2763 Cuius
1366 2698 1690 2783 opinionis
1730 2697 2012 2784 exempla
2047 2701 2315 2783 primum
2349 2699 2538 2765 affert

327 2801 620 2866 animalia
669 2812 734 2866 et
776 2802 1026 2888 plantas
1074 2822 1418 2886 eorumque
1457 2810 1691 2886 parteS,
1736 2799 1972 2867 deiude
2007 2796 2092 2866 τὰ
2131 2798 2377 2888 φυσικὰ
2409 2801 2537 2870 σώ-

324 2928 529 2990 ματα,
553 2926 681 2992 quo
709 2907 1026 2973 vocabulo
1054 2908 1159 2972 hic
1182 2904 1512 2983 elementa,
1541 2896 1629 2968 τὰ
1658 2901 1843 2970 ἁπλᾶ
1870 2901 2163 2988 σώματα,
2193 2909 2538 2996 significari

330 3031 406 3075 ex
451 3012 749 3097 proximis
794 3012 1006 3076 verbis
1052 3020 1349 3097 apparet;
1408 3019 1539 3073 tum
1595 3010 1710 3074 καὶ
1767 3004 1897 3074 ὅσα
1952 3003 1997 3090 ἢ
2038 3007 2242 3098 μόρια
2266 3010 2538 3085 ,τούτων

327 3116 485 3194 (int.
517 3116 648 3177 τῶν
667 3117 1058 3200 proclamat)
1098 3110 1143 3194 ἢ
1179 3118 1248 3178 ἐκ
1282 3108 1533 3178 τούτων
1567 3114 1761 3191 ἐστίν,
1808 3108 1851 3193 ἢ
1893 3116 2142 3198 μορίων
2170 3107 2217 3192 ἢ
2249 3112 2535 3184 πάντων.

325 3216 666 3283 Adiectivo
725 3212 991 3284 πάντων
1049 3220 1294 3305 opponi
1351 3219 1569 3302 potius
1628 3227 1955 3302 exspectes
2009 3211 2054 3296 ἢ
2103 3220 2301 3284 τινῶν
2343 3218 2448 3284 vel
2495 3214 2537 3301 ἢ

328 3323 536 3400 ἐνίων,
591 3320 764 3407 quod
808 3321 1189 3387 vocabulum
1237 3331 1303 3385 et
1346 3319 1476 3385 leni
1524 3319 1861 3385 admodum
1907 3323 2256 3386 mutatione
2298 3326 2364 3388 in
2410 3335 2537 3391 tex·

328 3433 459 3488 tum
506 3434 723 3510 potest
766 3425 983 3489 inferri
1033 3435 1098 3490 et
1142 3424 1444 3511 aliquam,
1496 3424 1648 3488 licet
1691 3445 1825 3489 non
1870 3426 2020 3489 satis
2067 3436 2325 3505 certam,
2370 3451 2540 3494 com·

327 3528 803 3593 mendationem
860 3528 1057 3594 habet
1101 3553 1174 3596 ex
1219 3532 1748 3616 interpretatione
1795 3527 2134 3595 Alexandri
2180 3555 2242 3616 p.
2275 3534 2422 3612 428,
2468 3536 2536 3600 7:

329 3634 443 3697 καὶ
490 3626 622 3698 ὅσα
663 3627 870 3717 μόρια
905 3629 1154 3699 τούτων
1188 3625 1233 3713 ἢ
1275 3639 1344 3698 ὲκ
1380 3631 1629 3700 τούτων
1668 3636 1829 3700 εἰσὶν
1869 3625 1912 3713 ἢ
1948 3627 2217 3701 πάντων
2251 3628 2298 3715 ἢ
2331 3639 2535 3704 ἐνίων.

329 3735 530 3820 Quod
575 3739 630 3800 si
672 3737 924 3820 μορίων
966 3740 1312 3838 genuinum
1362 3738 1581 3818 fuerit,
1638 3740 1705 3804 in
1762 3736 2073 3802 eiusmodi
2119 3738 2539 3824 explicatione

327 3838 582 3904 videtur
623 3840 1149 3926 acquiescendum
1195 3863 1363 3907 esse.
1409 3862 1823 3929 quaecunque
1851 3842 1956 3906 vel
1987 3862 2061 3907 ex
2093 3843 2381 3929 partibus
2415 3846 2539 3912 ele-

326 3954 684 4009 mentorum
732 3955 1043 4039 constant,
1087 3945 1291 4011 veluti
1336 3944 1628 4010 animalia
1675 3956 1740 4010 et
1771 3945 2044 4033 plantae,
2089 3946 2195 4011 vel
2230 3970 2306 4012 ex
2342 3953 2541 4014 omni-

325 4047 451 4113 bus
509 4047 697 4113 simul
757 4048 1115 4127 elementis,
1184 4048 1385 4114 veluti
1443 4047 1699 4115 coelum
1752 4052 1886 4116 sive
1942 4050 2163 4117 mundi
2219 4052 2538 4117 sensibilis

247 4221 252 4225 ,
329 4154 727 4218 universitas.

468 4257 673 4322 102Βό
719 4259 804 4322 15
849 4258 1074 4323 δοκεῖ
1119 4257 1201 4322 δέ
1259 4294 1338 4311 --
1386 4258 1470 4322 27
1518 4253 1914 4336 αὶσθητα.
2006 4257 2148 4345 Qua
2208 4261 2538 4326 ratiocina-

327 4364 508 4428 tione
551 4361 724 4427 ducti
772 4361 1026 4448 quidam
1072 4361 1464 4428 substantiae
1507 4364 1633 4429 vim
1680 4384 1716 4427 a
1761 4363 2144 4449 corporibus
2190 4362 2268 4428 ad
2317 4383 2536 4429 eorum
