3043 4973
1126 213 1226 297 ΚΓ
1270 222 1334 297 l.
1417 221 1688 300 looaa.
2171 227 2174 230 “
2375 223 2507 300 171

314 410 521 468 crates
557 410 625 468 et
652 403 796 487 ipse
831 409 931 466 est
958 400 1256 467 Socrates
1295 410 1360 466 et
1388 401 1583 467 homo
1616 411 1682 466 et
1711 399 1959 482 animal,
2002 421 2270 487 quorum
2298 424 2518 468 unum*

289 504 617 600 ,quodque
660 526 779 591 per
820 527 892 572 se
935 506 1346 571 substantiam
1402 526 1543 570 esse
1588 508 1933 590 posuimus.
2011 506 2128 571 Sin
2173 516 2383 571 autem
2424 510 2519 571 in-

312 609 577 675 dividua
633 612 1035 695 posuerimus
1086 631 1226 676 esse
1270 611 1597 696 principia,
1643 612 2011 688 ‹113—17,
2070 616 2367 696 quoniam
2414 634 2520 677 co-

312 717 546 803 gnosci
601 717 877 800 scirique
930 733 1083 778 vere
1141 733 1276 788 non
1333 723 1629 800 possunt·
1663 716 1786 780 nisi
1843 714 2228 781 universalia
2283 717 2404 797 (cf.
2456 719 2516 782 4.

314 822 485 884 999⁶
523 820 630 884 28.
698 820 764 883 Ζ
799 821 905 884 15.
949 819 1151 883 10:39⁶
1186 819 1293 883 27.
1364 819 1454 884 Μ
1485 821 1548 882 9.
1595 819 1797 883 108612
1833 821 1894 883 5.
1964 821 2082 884 An.
2126 829 2294 907 post.
2337 822 2369 885 I
2410 823 2516 887 31.

314 925 346 988 I
384 925 488 989 11.
528 926 653 989 77·
677 926 739 988 5.
799 923 901 988 13.
936 925 1057 990 7911
1084 925 1144 987 7.
1201 921 1468 1008 Heyder
1494 921 1642 987 krit.
1671 922 1886 989 Darst.
1917 924 1947 988 Ι
1978 927 2038 989 1.
2068 950 2133 1011 p.
2167 927 2294 991 176
2325 947 2457 1011 sqq.
2471 928 2518 1006 ),

312 1027 455 1092 aliis
503 1049 670 1113 opus
712 1030 834 1091 erit
874 1029 1234 1113 principiis,
1291 1043 1453 1112 quae
1510 1024 1594 1094 de
1644 1026 1771 1094 illis
1815 1030 2109 1094 universe
2152 1027 2521 1116 praedicen-

318 1143 453 1211 tur,
512 1142 586 1197 ut
639 1133 845 1217 possit
899 1134 1161 1198 omuino
1220 1133 1482 1196 scientia
1527 1143 1594 1196 et
1637 1134 1923 1220 cognitio
1972 1136 2299 1211 exsistere3
2355 1155 2516 1223 ergo

317 1235 447 1315 illa,
494 1257 657 1322 quae
699 1239 1042 1323 posuimus,
1083 1217 1408 1301 individua
1451 1257 1589 1301 non
1633 1245 1822 1302 erunt
1862 1239 2187 1324 principia.

1362 1621 1475 1723 Γ.

1241 1805 1468 1883 CAP.
1538 1808 1596 1882 1.

456 1951 695 2016 Prima
726 1948 1146 2037 philosophia
1186 1964 1486 2018 versatur
1528 1954 1601 2016 in
1641 1951 2112 2037 cognoscendis
2154 1953 2374 2018 causis
2414 1975 2520 2017 en-

314 2059 426 2137 tis,
475 2067 791 2144 quatenus
834 2066 933 2121 est
976 2079 1110 2120 ens.

452 2175 720 2239 Primam
779 2174 1242 2261 philosophiam
1294 2177 1428 2240 sive
1473 2176 1845 2260 sapientiam
1888 2178 2129 2240 versari
2170 2177 2236 2240 in
2282 2198 2523 2266 cogno-

316 2278 573 2344 scendis
611 2282 863 2346 summis
902 2301 1107 2344 rerum
1145 2283 1347 2344 causis
1385 2289 1450 2344 et
1484 2281 1829 2365 principiis,
1871 2299 2061 2364 supra
2097 2293 2349 2349 secutus
2382 2282 2521 2347 vul-

315 2390 508 2472 gares
554 2382 636 2447 de
682 2406 756 2450 ea
799 2387 1140 2469 opiniones
1179 2382 1492 2469 explicuit,
1529 2384 1601 2449 Α
1635 2386 1690 2449 l.
1720 2384 1782 2448 2.
1850 2384 1977 2447 Iam
2024 2404 2159 2448 eam
2206 2383 2522 2451 definitio-

316 2511 462 2553 nem
522 2510 646 2574 pro
704 2489 1118 2557 fundamento
1175 2509 1429 2575 ponens
1486 2490 1665 2569 (ἐπεὶ
1722 2489 1791 2554 δὲ
1832 2481 1954 2564 τὰς
1996 2481 2207 2572 ἀρχὰς
2249 2492 2360 2554 καὶ
2403 2485 2523 2567 τὰς

317 2588 696 2678 ἀκροτάτας
730 2596 948 2671 αἰτίας
985 2594 1301 2677 ζητοῦμεν
1337 2595 1473 2657 «126
1489 2598 1533 2672 ),
1575 2591 1727 2658 inde
1761 2595 2023 2678 primam
2055 2592 2520 2679 philosophiam

303 2698 708 2785 investigare
765 2720 986 2764 causas
1033 2700 1226 2773 entis,
1285 2707 1595 2782 quatenus
1641 2706 1738 2762 est
1774 2717 1918 2774 ens,
1973 2696 2093 2760 hac
2137 2697 2388 2786 colligit
2426 2721 2524 2763 ra-

316 2806 519 2866 tione.
610 2789 916 2890 Singulae
975 2799 1375 2887 disciplinae,
1431 2801 1632 2866 veluti
1684 2800 2158 2865 mathematicae
2215 2802 2521 2889 physicae

316 2903 503 2983 aliae,
550 2927 738 2990 quum
785 2904 1070 2992 singulas
1112 2903 1235 2969 sibi
1272 2905 1788 2971 circumscribant
1820 2908 1981 2969 entis
2014 2919 2245 2991 partes,
2288 2910 2356 2971 in
2390 2911 2524 2994 qui-

321 3009 443 3074 bus
490 3019 825 3074 versentur
867 3007 1354 3095 investigandis,
1400 3011 1480 3075 cf.
1521 3011 1592 3075 E
1628 3012 1686 3075 l.
1732 3011 1935 3075 102511
1969 3010 2041 3089 8,
2087 3009 2395 3076 diversam
2439 3012 2520 3077 ab

317 3115 417 3178 his
483 3123 741 3201 oportet
800 3134 941 3179 esse
997 3117 1349 3194 scientiam,
1407 3136 1571 3200 quae
1628 3136 1739 3178 ens
1782 3118 2016 3199 ipsum,
2076 3125 2381 3199 quatenus
2428 3125 2523 3179 est

321 3240 454 3299 ens,
503 3206 993 3305 contempletur.
1079 3217 1273 3304 Atqui
1331 3221 1533 3306 prima
1590 3217 1997 3304 philosophia
2048 3222 2278 3302 primas
2320 3221 2524 3304 inqui-

323 3326 411 3387 rit
469 3345 691 3387 causas
753 3334 818 3387 et
868 3345 1105 3387 summa
1163 3327 1488 3409 principia.
1578 3324 1755 3410 Ergo
1805 3344 1941 3385 eam
1982 3325 2221 3386 versari
2266 3332 2525 3408 oportet

323 3430 397 3491 in
442 3424 915 3515 cognoscendis
961 3430 1166 3493 causis
1200 3449 1335 3493 non
1371 3426 1714 3492 accidentis
1752 3428 2097 3513 cuiuspiam
2127 3429 2319 3491 —iis
2356 3429 2522 3492 enim

323 3531 588 3596 altiores
636 3542 850 3595 essent
894 3541 958 3595 et
1002 3535 1361 3617 superiores
1407 3554 1633 3597 causae
1676 3535 1874 3618 ipsius
1912 3534 2023 3610 rei,
2068 3534 2169 3596 cui
2208 3530 2321 3596 illa
2367 3534 2525 3596 acci-

325 3636 545 3700 dentia
589 3635 921 3700 inhaerent
968 3672 1049 3686 --
1097 3634 1210 3701 sed
1267 3646 1533 3701 naturae
1591 3634 1909 3701 cuiusdam
1969 3631 2266 3726 (φύσεώς
2307 3639 2522 3717 τινος)

322 3741 383 3804 h.
420 3763 475 3806 e.
523 3739 911 3805 substantiae
953 3761 1069 3826 per
1105 3761 1191 3818 se,
1237 3742 1373 3805 sive
1415 3744 1595 3820 entis,
1638 3751 1947 3826 quatenus
1987 3751 2083 3804 est
2120 3760 2250 3805 ens,
2320 3741 2523 3806 Huius

323 3847 526 3933 igitur
571 3866 801 3909 causae
844 3842 1112 3930 perinde
1155 3842 1345 3908 nobis
1391 3855 1540 3910 sunt
1581 3843 2088 3933 investigandae,
2147 3866 2221 3908 ac
2275 3855 2524 3910 veteres

325 3948 706 4036 physiologi
749 3951 947 4034 ipsius
994 3951 1156 4013 entis
1200 3951 1650 4034 quaesiverunt
1693 3949 2022 4013 elementa.
2109 3982 2114 3988 ·

458 4053 732 4117 Secutus
788 4074 926 4116 sum
984 4055 1051 4117 in
1110 4051 1481 4139 explicanda
1538 4055 2024 4118 ratiocinatione
2075 4051 2392 4139 vulgatam
2439 4052 2527 4118 le-

330 4161 607 4222 ctionem
650 4157 789 4220 1128
832 4153 998 4220 καθ’
1038 4153 1261 4236 αὑτήν.
1334 4155 1709 4233 Alexander,
1755 4158 1891 4221 sive
1934 4153 2102 4222 καθ’
2141 4153 2347 4234 αὑτάς
2390 4161 2524 4222 sive

329 4258 497 4326 καθ’
539 4256 706 4325 αὑτό
751 4263 817 4325 in
863 4270 1032 4325 textu
1077 4259 1297 4326 habuit
1340 4261 1448 4343 (cf.
1481 4263 1627 4340 194,
1654 4263 1760 4326 26.
1811 4263 1954 4340 195,
1988 4264 2050 4326 9.
2087 4263 2196 4326 16.
2225 4262 2332 4327 23.
2380 4263 2525 4339 196,

324 4369 387 4430 6.
423 4368 512 4448 7),
557 4366 721 4429 haec
762 4365 957 4430 verba
1003 4363 1083 4430 ad
1129 4364 1666 4432 determinandam·
1697 4368 2027 4431 notionem
2059 4387 2285 4430 causae
2314 4363 2526 4442 refert,
