3043 4973
568 238 707 313 144
1402 240 1480 311 Β
1527 237 1597 318 2.
1673 237 1819 312 997
1833 261 1901 310 a.

564 417 681 480 761»
702 416 817 480 20:
862 411 1011 479 οὐδὲ
1052 408 1139 478 τά
1181 406 1370 480 κοινοὶ
1414 416 1567 494 (int.
1606 408 1989 498 ἀξιώματα)
2036 404 2115 480 οὐ
2166 409 2490 498 λαμβάνει
2533 416 2602 479 τί
2643 436 2759 495 ση-

557 519 778 602 μαίνει
821 509 896 582 τὸ
939 514 1052 581 ’ίσα
1088 509 1225 581 ἀπὸ
1256 515 1418 582 ἴσων
1451 514 1739 606 ἀφελεῖν,
1784 512 1888 582 ὅτι
1920 512 2265 602 γνώριμον.
2334 517 2618 582 Alterum
2653 540 2762 582 au-

559 630 683 690 tem
729 642 933 707 genus
978 612 1054 683 τὸ
1100 616 1568 698 ἀποδεικτικόν,
1614 620 1786 706 quod
1832 621 2390 686 demonstrativum
2438 619 2650 685 dicere
2688 619 2759 684 li-

559 734 713 802 ceat,
760 723 970 788 locum
1015 722 1253 786 habere
1298 745 1431 789 non
1477 733 1711 809 potest.
1800 725 2091 810 Namque
2137 724 2217 788 ad
2266 722 2610 810 quamlibet
2653 721 2761 787 de·-

555 830 1079 892 monstrationem
1137 829 1253 891 tria
1312 830 1672 892 necessario
1726 832 2158 913 requiruntur,
2214 831 2480 914 primum
2538 848 2762 914 genus,

556 929 638 995 ad
685 930 857 1016 quod
903 940 1148 1016 spectet
1190 933 1485 995 universa
1534 935 2023 1018 argumentatio,
2083 930 2315 996 deinde
2371 931 2774 1016 propositio-'

554 1056 670 1098 nes
715 1033 823 1098 vel
866 1037 1204 1112 axiomata,
1252 1055 1325 1098 ex
1372 1034 1601 1120 quibus
1648 1043 1901 1120 petatur
1944 1036 2440 1123 argumentatio,
2484 1033 2762 1118 denique

555 1137 962 1216 affectioneS,
1029 1161 1182 1224 quas
1252 1140 1463 1203 inesse
1531 1139 1753 1225 generi
1818 1137 2305 1204 demonstretur.
2409 1138 2583 1200 Haec
2639 1138 2762 1202 tria

556 1244 741 1304 etiam
798 1244 865 1306 in
923 1264 996 1306 ea
1056 1244 1457 1328 requirentur
1509 1243 1776 1305 scientia
1828 1240 2351 1319 demonstrativa,
2411 1262 2533 1325 qua
2589 1242 2761 1306 axio-

552 1354 720 1408 mata
755 1345 1269 1430 comprobentur,
1307 1348 1568 1431 ipsaque
1604 1349 1912 1410 axiomata
1950 1345 2328 1410 affectiones
2371 1354 2555 1409 erunt
2596 1346 2762 1408 eius-

553 1448 698 1512 dem
754 1452 1038 1535 generiS,
1096 1452 1161 1514 in
1221 1470 1347 1534 quo
1404 1448 1860 1535 cognoscendo
1917 1449 2077 1512 haec
2132 1458 2420 1513 versetur
2472 1448 2758 1514 scientia.

550 1552 680 1615 Iam
740 1574 929 1637 quum
987 1555 1295 1615 axiomata
1354 1549 1433 1617 ad
1489 1573 1710 1616 omnes
1756 1575 1857 1617 res
1904 1555 2005 1616 via
2052 1574 2128 1615 ac
2172 1554 2421 1615 ratione
2465 1571 2762 1634 compro-

551 1654 792 1720 bandas
828 1654 1264 1732 adhibeantur,
1307 1676 1429 1719 nec
1467 1665 1676 1719 tamen
1712 1652 1795 1720 ad
1830 1655 2000 1719 aliud
2036 1676 2239 1742 genus
2275 1657 2523 1740 possint
2558 1666 2763 1718 trans-

550 1758 718 1837 ferri,
767 1781 948 1843 quam
991 1761 1058 1822 in
1093 1779 1223 1843 quo
1267 1760 1401 1842 ipsa
1442 1761 1653 1836 insint,
1700 1759 1776 1823 cf.
1813 1759 1928 1822 An.
1960 1768 2128 1844 post.
2160 1759 2188 1821 Ι
2219 1760 2279 1821 9.
2319 1761 2437 1823 761⁸
2463 1760 2567 1835 22,
2604 1756 2760 1821 inde

548 1861 803 1926 videtur
859 1847 1065 1940 effici,
1114 1863 1391 1925 omnium
1449 1883 1656 1926 rerum
1717 1861 2346 1928 demonstrandarum
2400 1861 2564 1926 idem
2615 1881 2758 1924 esse

548 1987 771 2052 genus,
840 1963 1019 2029 Solvi
1060 1986 1253 2049 posse
1293 1966 1478 2028 etiam
1513 1966 1678 2028 hanc
1709 1963 2146 2030 difficultatem
2179 1964 2585 2030 distinctione
2617 1964 2761 2027 Ari-

547 2068 838 2133 stotelica
883 2067 1003 2131 τοῦ
1046 2061 1238 2142 ὄντος
1282 2065 1504 2144 ἁπλῶς
1549 2060 1588 2157 ᾗ
1633 2060 1712 2132 ὅν
1758 2077 1821 2132 et
1865 2070 1994 2132 τῶν
2026 2071 2146 2134 τοῦ
2186 2062 2377 2145 ὄντος
2414 2068 2629 2154 μερῶν
2668 2066 2762 2132 fa-

546 2172 669 2235 cile
704 2181 802 2235 est
829 2170 1216 2259 intelligere;
1265 2172 1388 2236 boc
1431 2171 1581 2235 loco
1630 2175 1779 2236 satis
1821 2171 2012 2236 habet
2042 2174 2456 2258 proposuisse
2486 2168 2761 2234 difficul-

544 2285 758 2340 tatem.
787 2305 877 2322 —·
920 2273 1333 2339 conferenda
1376 2285 1529 2339 sunt
1565 2297 1702 2339 cum
1734 2276 1860 2338 hoc
1890 2275 2038 2339 loco
2076 2278 2191 2340 An.
2223 2286 2388 2360 post.
2420 2275 2449 2338 1
2491 2277 2527 2339 7
2549 2311 2630 2323 -
2650 2275 2764 2350 10,

536 2382 889 2464 praecipue
937 2379 964 2441 l
1014 2381 1069 2443 7.
1119 2380 1240 2443 7511
1276 2380 1388 2442 39:
1435 2382 1587 2462 τρία
1632 2372 1759 2464 γάρ
1807 2383 1942 2442 ἐστι
1986 2374 2071 2443 τὰ
2115 2384 2185 2442 ἐν
2228 2386 2375 2454 ταῖς
2418 2373 2758 2453 ἀποδείξε-

546 2504 678 2561 σιν,
735 2484 805 2547 ἓν
859 2483 979 2565 μὲν
1037 2476 1113 2547 τὸ
1171 2476 1721 2566 ἀποδεικνύμενον
1779 2476 1855 2547 τὸ
1914 2485 2383 2569 συμπέρασμα·
2442 2482 2635 2546 τοῦτο
2685 2475 2747 2545 δῖ

545 2589 683 2652 ἐστὶ
727 2581 804 2651 τὰ
850 2580 1147 2670 ὑπάρχον
1190 2589 1358 2667 γένει
1402 2587 1530 2651 τινὶ
1574 2582 1740 2650 καθ’
1780 2582 1962 2651 αὑτό.
2032 2587 2099 2652 ἓν
2145 2586 2213 2650 δὲ
2252 2579 2334 2649 τά
2375 2579 2755 2669 ἀξιώματα·

543 2686 887 2775 ἀξιώματα
933 2686 992 2752 δ’
1030 2690 1210 2753 ἐστὶν
1253 2686 1320 2766 ἐξ
1365 2677 1474 2753 ὧν.
1558 2692 1782 2772 τρίτον
1833 2685 1909 2755 τὸ
1956 2693 2142 2771 γένος
2185 2684 2262 2754 τὸ
2308 2685 2755 2772 ὑποκείμενον,

544 2784 626 2858 οὗ
667 2788 751 2856 τά
795 2788 993 2870 πάθη
1036 2793 1149 2855 καὶ
1190 2785 1275 2855 τά
1321 2788 1488 2855 καθ’
1528 2787 1697 2856 αὑτά
1744 2789 2206 2876 συμβεβηκότα
2251 2793 2440 2871 δηλοῖ
2491 2787 2531 2870 ἡ
2580 2785 2756 2855 ἁπό-

542 2894 756 2973 «hagag.
835 2896 865 2957 1
908 2897 1013 2959 lo.
1060 2897 1172 2959 76⁶
1213 2896 1323 2958 11:
1369 2896 1557 2958 πᾶσα
1600 2889 1729 2980 γὰρ
1774 2889 2187 2975 ἀποδεικτικὴ
2232 2891 2554 2979 ἐπιστήμη
2603 2894 2756 2978 περὶ

541 3000 695 3082 τρία
741 2999 945 3075 ἐστίν,
1005 2992 1137 3062 ὅσα
1190 3020 1260 3061 τε
1318 2994 1485 3061 εἶναι
1534 2997 1802 3061 τίθεται
1846 3000 2096 3077 (ταῦτα
2141 2996 2201 3064 δ’
2239 3000 2378 3063 ἐστὶ
2422 2995 2497 3064 τὸ
2542 3003 2753 3081 γένος,

544 3091 624 3165 οὗ
679 3103 809 3165 τῶν
864 3096 1032 3164 καθ’
1084 3093 1255 3165 αὐτοὶ
1311 3095 1743 3185 παθημάτων
1803 3104 1940 3167 ἐστὶ
1995 3098 2440 3188 θεωρητική),
2495 3102 2608 3165 καὶ
2668 3095 2756 3167 τὰ

539 3201 730 3270 κοινά
775 3199 1095 3288 λεγόμενα
1139 3199 1510 3286 ἀξιώματα,
1570 3201 1638 3282 ἐξ
1684 3194 1775 3270 ὧν
1818 3201 2089 3287 πρώτων
2134 3203 2579 3281 ἀποδείκνυσι,
2635 3206 2754 3268 καὶ

540 3311 764 3391 τρίτον
802 3301 886 3371 τὰ
925 3303 1142 3386 πάθη,
1188 3297 1277 3372 ὧν
1316 3308 1382 3370 τί
1417 3309 1725 3391 σημαίνει
1760 3313 2035 3373 ἕκαστον
2070 3304 2413 3393 λαμβάνει.
2485 3308 2598 3372 7611
2632 3309 2751 3372 21:

538 3412 693 3491 τρία
737 3405 948 3475 ταῦτά
1007 3414 1170 3487 ἐστι,
1226 3411 1374 3494 περὶ
1422 3405 1459 3474 ὅ
1507 3433 1575 3475 τε
1622 3412 1904 3476 δείκνυσι
1941 3413 2061 3479 καὶ
2105 3406 2151 3475 οἳ
2197 3411 2478 3475 δείκνυσι
2521 3412 2635 3477 καὶ
2682 3408 2753 3489 ἐξ

541 3503 649 3576 ὧν.
718 3514 824 3577 32.
869 3513 985 3577 88⁶
1022 3514 1127 3576 27.
1178 3550 1259 3562 —
1321 3512 1625 3579 Ceterum
1672 3516 2038 3599 parenthesi
2085 3514 2311 3579 inclusi
2355 3514 2552 3578 verba
2596 3516 2754 3599 περὶ

538 3610 806 3681 πάντων
850 3642 909 3699 y.
957 3639 1021 3678 α.
1067 3610 1401 3692 ἀπόδειξιν
1447 3611 1630 3693 εἶναι,
1675 3629 1929 3683 secutus
1975 3622 2566 3704 interpretationem
2599 3617 2753 3682 Ale-

538 3719 791 3795 xandri;
850 3721 1083 3785 etenim
1141 3719 1299 3783 haec
1352 3718 1552 3783 verba
1611 3723 1797 3785 unice
1844 3721 1922 3786 ad
1970 3719 2314 3805 ἀξιώματα
2358 3721 2750 3787 referuntur:

538 3822 872 3889 statuenda
920 3844 1060 3887 esse
1108 3825 1448 3900 axiomata,
1506 3825 1651 3907 quia
1698 3845 1832 3889 uon
1873 3832 2079 3911 possit
2124 3830 2401 3891 omnium
2450 3846 2589 3892 esse
2636 3823 2751 3889 de-

537 3921 932 4004 monstratio,
976 3924 1053 3989 cf.
1091 3927 1210 3991 An.
1254 3936 1421 4011 post.
1457 3927 1487 3989 Ι
1529 3928 1591 3991 3.
1637 3930 1749 3992 72⁶
1780 3930 1823 3992 5
1859 3950 1989 4013 sqq.
2038 3931 2118 3993 19
2148 3951 2285 4014 sqq.
2349 3932 2451 3995 10.
2492 3930 2610 4009 Ἴδα
2633 3929 2744 3993 31.

541 4033 643 4094 19.
688 4032 810 4094 82α
850 4033 909 4095 7.
968 4031 1074 4093 22.
1124 4032 1248 4094 841⁸
1285 4032 1390 4096 31.
1447 4032 1506 4095 11
1554 4034 1653 4096 19.
1697 4033 1814 4095 99⁶
1850 4033 1936 4095 22
1977 4053 2109 4116 sqq.
2168 4033 2313 4097 Etb.
2355 4033 2494 4097 Nic.
2530 4032 2623 4096 vl
2669 4034 2713 4096 6
2729 4058 2746 4108 ς

538 4135 984 4197 enunciatione
1031 4142 1239 4197 autem
1288 4155 1392 4214 ea,
1448 4157 1611 4221 quae
1656 4135 1737 4199 ab
1783 4129 2037 4217 ἀνάγκη
2083 4129 2211 4220 γάρ
2259 4135 2530 4213 orditur,
2593 4156 2747 4199 con-

438 4250 444 4257 ’
535 4236 866 4301 firmantur
909 4239 1032 4301 tria
1076 4236 1213 4316 illa,
1270 4259 1431 4322 quae
1477 4237 1556 4301 ad
1604 4237 1946 4323 quamlibet
1990 4237 2596 4304 demonstrationem
2641 4260 2745 4304 re-

536 4344 699 4429 quiri
745 4352 932 4407 antea
978 4339 1150 4406 dixit.
1200 4379 1278 4393 —
1325 4343 1417 4407 αὖ
1461 4345 1769 4427 τέχναι,
1813 4342 1894 4407 cf.
1942 4341 2023 4406 ad
2068 4343 2139 4407 A
2187 4346 2245 4408 1.
2289 4345 2449 4412 9811>
2487 4344 2590 4411 24.
