3043 4973
588 235 733 311 398
1422 230 1484 302 Θ
1532 229 1600 305 7.
1682 228 1952 304 loma.

592 417 813 498 ἕτερον
853 412 967 476 καὶ
1010 418 1173 477 κινεῖ
1213 409 1328 475 καὶ
1371 408 1813 487 κεκίνηκεν.
1901 400 2145 491 ἑώρακε
2201 404 2272 469 δὲ
2312 404 2427 470 καὶ
2472 400 2601 488 ὁρᾷ
2642 398 2787 487 ἅμα

588 510 666 582 τὸ
710 511 888 593 αὑτό,
933 516 1044 579 καὶ
1075 522 1217 580 νοεῖ
1251 512 1364 577 καὶ
1398 506 1722 590 νενόηκεν.
1789 506 1912 590 τὴν
1949 511 2069 594 μὲν
2108 498 2228 578 οὖν
2262 502 2577 587 τοιαύτην
2612 511 2788 595 trep-

588 641 772 704 γειαν
813 621 996 703 λέγω,
1040 618 1293 697 ἐκείνην
1337 616 1408 681 δὲ
1450 616 1725 694 κίνησιν.

1453 868 1511 942 C
1528 866 1591 942 A
1606 866 1684 941 P.
1747 867 1919 942 VII.

731 1016 1014 1094 Quando
1054 1015 1308 1103 aliquid
1341 1013 1602 1080 dicatur
1629 1014 1926 1098 potentia
1966 1010 2298 1099 quidpiam
2333 1032 2497 1091 esse,
2535 1007 2793 1097 quando

590 1121 912 1202 nondum,
962 1121 1163 1200 104811
1201 1122 1284 1186 37
1304 1120 1621 1183 —104911
1659 1119 1781 1197 185
1838 1116 2154 1204 quomodo
2198 1138 2282 1180 ex
2316 1116 2618 1202 potentia
2659 1116 2796 1177 aive

593 1249 630 1289 e
661 1227 974 1311 proxima
1017 1228 1294 1289 matem‘a
1335 1247 1444 1288 rea
1486 1230 1936 1307 nuncupentur
1981 1258 2062 1273 —
2106 1221 2209 1285 113.

727 1346 932 1409 1048b
962 1346 1047 1410 37
1093 1340 1291 1409 πότε
1332 1380 1413 1393 -
1456 1343 1668 1407 1049a
1701 1342 1786 1408 18
1825 1334 2152 1426 χαλκός.
2228 1338 2540 1402 Materiae
2583 1347 2647 1402 et
2683 1359 2797 1423 po·

592 1451 828 1514 tentiae
873 1450 1193 1526 notiones,
1238 1457 1308 1511 ut
1348 1448 1589 1534 pariter
1635 1468 1710 1510 ex
1751 1447 2171 1532 generatione
2208 1454 2275 1507 et
2310 1445 2661 1509 mutatione
2700 1463 2796 1505 ex-

590 1552 888 1640 plicanda
931 1573 1105 1618 suam
1152 1560 1452 1636 repetunt
1497 1552 1806 1638 originem
1852 1549 1971 1629 (cf.
2004 1550 2197 1633 Phys.
2227 1548 2257 1610 Ι
2293 1549 2389 1625 6),
2435 1550 2523 1610 ita
2566 1549 2796 1632 saepis-

593 1662 748 1724 sime
807 1655 976 1743 apud
1025 1654 1434 1722 Aristotelem
1496 1657 1972 1742 coniunguntur
2030 1663 2095 1716 et
2147 1651 2344 1715 altera
2402 1649 2484 1714 ad
2541 1648 2794 1716 alteram

590 1762 880 1837 refertur,
917 1759 996 1826 cf.
1025 1760 1088 1822 Z
1110 1762 1169 1824 7.
1200 1760 1410 1826 1032a
1433 1761 1540 1824 21.
1587 1760 1673 1823 H
1694 1761 1751 1822 1.
1786 1759 1995 1823 104213
2020 1759 2125 1821 27.
2170 1758 2233 1820 2.
2266 1756 2469 1819 10421)
2496 1757 2599 1820 10.
2657 1754 2713 1820 Θ
2737 1756 2793 1820 8.

595 1868 800 1934 1οόοῠ
830 1866 936 1929 27.
975 1862 1054 1926 al.
1108 1862 1323 1927 Zeller
1354 1862 1466 1927 Ph.
1501 1861 1562 1927 d.
1597 1863 1710 1930 Gr.
1742 1863 1819 1926 ΙΙ.
1854 1886 1915 1949 p.
1942 1863 2092 1926 412.
2181 1858 2530 1925 Intereedit
2572 1868 2796 1936 tamen,

593 1972 649 2034 si
693 1971 896 2036 acrius
944 1966 1308 2044 attenderiS,
1361 1965 1696 2031 discrimen
1743 1970 1908 2032 inter
1951 1967 2273 2030 materiam
2321 1974 2387 2028 et
2429 1966 2793 2049 potentiam.

581 2068 747 2151 ’Ύλη
795 2077 959 2138 enim
1006 2074 1369 2138 nominatur
1412 2070 1751 2157 quidpiam,
1795 2080 2108 2155 quatenus
2150 2066 2435 2134 nondum
2471 2078 2566 2132 est
2596 2066 2797 2131 deter-

594 2180 895 2241 minatum
940 2197 1060 2260 per
1107 2176 1388 2251 formam,
1433 2178 1570 2238 sive
1606 2197 1723 2260 per
1757 2184 1990 2240 certam
2029 2171 2339 2258 quandam
2370 2176 2505 2236 sive
2537 2175 2794 2237 omnino

594 2301 714 2367 per
751 2279 975 2354 ullam;
1020 2274 1297 2362 δύναμις
1341 2299 1495 2341 vero
1544 2281 1637 2344 rei
1684 2277 1928 2356 dieitur,
1974 2288 2284 2362 quatenus
2312 2298 2415 2340 res
2450 2298 2525 2340 ex
2556 2297 2630 2339 ea
2661 2276 2796 2341 fieri

594 2392 811 2469 potest
855 2402 1204 2466 omnesque
1248 2381 1448 2448 fiendi
1496 2380 1900 2447 conditiones
1947 2383 2067 2444 iam
2113 2390 2479 2466 suppetunt.
2528 2379 2632 2454 ,ld
2681 2379 2795 2444 dis-

596 2490 834 2565 crimen
879 2510 1068 2572 quum
1114 2486 1266 2552 alibi
1297 2508 1491 2575 saepe
1518 2484 1849 2572 negligere
1881 2488 2212 2571 possimus,
2257 2486 2383 2550 hoc
2410 2484 2559 2550 loco
2592 2484 2794 2572 probe

596 2591 938 2659 tenendum
986 2602 1083 2658 est
1127 2591 1238 2656 ubi
1283 2593 1623 2676 quaeritur,
1670 2589 1926 2675 quando
1975 2589 2210 2675 aliquid
2252 2589 2495 2656 dicatur
2532 2587 2795 2673 δυνάμει

594 2716 754 2773 esse,
799 2698 934 2761 sive
981 2717 1143 2780 quae
1187 2694 1441 2761 tandem
1486 2697 1749 2780 proprie
1792 2693 2036 2759 dicatur
2071 2697 2165 2758 rei
2202 2693 2469 2760 alicuius
2507 2689 2793 2777 δύναμις.

593 2801 844 2865 Etenim
892 2803 1150 2865 materia
1195 2803 1248 2864 si
1296 2809 1708 2884 quaereretur
1753 2819 1916 2882 quae
1960 2801 2222 2884 proprie
2267 2819 2346 2863 ac
2387 2820 2630 2865 summo
2666 2802 2794 2863 iure

595 2902 984 2989 appelletur,
1043 2906 1244 2987 prima
1305 2911 1370 2966 et
1426 2903 1506 2965 ab
1566 2903 1684 2965 hac
1740 2909 1911 2966 certa
1959 2923 2029 2965 re
2075 2905 2519 2982 remotissima,
2576 2912 2794 2988 utpote

597 3029 759 3092 quae
805 3005 979 3071 nulla
1027 3003 1171 3070 dum
1217 2996 1934 3090 forma'cireumscripta
1979 3008 2063 3071 sit
2109 3019 2173 3070 et
2218 3005 2534 3101 definita„
2565 3009 2794 3094 praeci-

593 3130 719 3197 pue
765 3110 891 3175 hoc
936 3129 1167 3175 nomen
1214 3109 1337 3177 sibi
1383 3108 1688 3186 vindicat3
1745 3109 2031 3195 reliquae
2082 3132 2237 3175 vero
2283 3115 2585 3176 materiae
2636 3121 2793 3175 eate-

592 3236 714 3281 nus
758 3223 998 3281 tantum
1034 3215 1161 3277 boc
1196 3216 1456 3279 nomine
1493 3213 1909 3300 appellantur,
1956 3224 2264 3298 quatenus
2303 3237 2494 3299 quum
2532 3214 2791 3301 aliquam

593 3318 871 3385 habeant
913 3318 1195 3397 formam,
1244 3340 1379 3383 eam
1428 3329 1640 3384 tamen
1686 3317 1968 3383 nondum
2014 3330 2164 3383 sunt
2205 3330 2446 3398 nactae,
2490 3319 2574 3383 ad
2620 3340 2792 3405 quam

499 3508 504 3512 ⁶
595 3420 999 3489 definientur.
1076 3424 1436 3489 Potentiam
1482 3444 1639 3488 vero
1691 3443 1877 3507 quum
1924 3426 2171 3507 quaerit
2213 3445 2375 3509 quae
2411 3427 2792 3508 potissimum

595 3535 998 3610 nuncupetur
1042 3529 1174 3593 sive
1221 3527 1477 3612 quando
1526 3525 1679 3613 quid
1721 3536 1896 3591 recte
1933 3524 2178 3590 dicatur
2206 3523 2480 3611 δυνάμει
2511 3548 2666 3605 esse,
2712 3526 2793 3590 di-

594 3627 1012 3717 ligentissime
1047 3629 1111 3694 id
1145 3631 1252 3697 Ar.
1290 3640 1551 3716 spectat,
1599 3640 1669 3694 ut
1703 3633 2064 3714 proximam,
2102 3623 2225 3709 τὴν
2258 3626 2793 3718 προσεχεστάτην,

596 3732 892 3801 omnibus
937 3737 1110 3801 notis
1157 3733 1438 3800 definiat.
1529 3732 1694 3799 Tum
1741 3736 1925 3812 enim,
1975 3736 2079 3812 ait,
2124 3744 2298 3798 reete
2343 3733 2664 3820 quidpiam
2711 3733 2795 3797 di·

597 3838 760 3901 citur
803 3834 1073 3923 δυνάμει
1119 3860 1274 3917 esse,
1318 3859 1510 3923 quum
1559 3858 1779 3902 omnes
1826 3847 2175 3924 suppetunt
2220 3841 2622 3903 exsistentiae
2652 3858 2795 3902 con-

596 3939 874 4008 ditiones
919 3946 1055 4007 sive
1098 3945 1164 4006 in
1210 3946 1347 4028 ipsa
1392 3963 1467 4005 re
1503 3945 1639 4006 sive
1678 3952 1847 4009 extra
1890 3964 2022 4006 eam
2064 3946 2330 4026 positae.
2404 3929 2794 4028 Quamquam

596 4065 732 4109 eam
781 4044 1031 4129 quidem
1077 4045 1514 4113 definitionem
1552 4067 1685 4110 nou
1723 4048 1807 4108 ita
1838 4048 2138 4109 universe
2169 4051 2493 4132 proponit,
2539 4046 2652 4112 sed
2682 4065 2791 4134 pro

595 4150 904 4213 varietate
951 4150 1378 4235 exemplorum
1420 4153 1640 4215 variat.
1708 4151 1936 4214 Activa
1965 4152 2255 4234 potentia
2286 4150 2618 4216 rationalis
2647 4148 2794 4231 (τοῦ

595 4244 730 4319 ἀπὸ
770 4251 1071 4328 διανοίας
1107 4289 1190 4300 -
1225 4257 1615 4336 γιγνομένου
1652 4255 1782 4332 115)
1829 4262 1959 4316 tum
2004 4252 2187 4316 adest
2229 4276 2418 4338 quum
2464 4277 2567 4320 res
2610 4255 2685 4319 fit
2717 4255 2791 4317 si-

594 4355 919 4442 mulatque
964 4355 1074 4421 ille
1118 4356 1412 4436 voluerit,
1457 4359 1561 4425 cui
1605 4357 1976 4445 adsignatur
2020 4361 2329 4445 potentia,
2373 4358 2549 4424 nulla
2593 4380 2666 4425 re
2699 4378 2791 4422 ex·-
