3043 4973
449 228 625 315 iss
1312 235 1385 311 Γ
1424 236 1492 310 5.
1543 189 1848 313 1009αε

479 414 1020 481 contradictionis.
1078 415 1376 502 Denique
1406 416 1460 484 si
1492 435 1569 479 ex
1598 434 1820 479 eorum
1850 414 2438 500 sententiaparitcr
2467 429 2692 480 omnes

480 530 548 586 et
603 518 913 587 falluntur
970 529 1035 585 et
1089 539 1309 584 verum
1369 517 1618 598 dicunt,
1676 521 1879 584 omnis
1923 537 2187 603 prorsus
2231 520 2556 581 evanescit
2599 515 2696 580 di-

480 623 668 691 cendi
722 622 1064 710 quidquam
1120 622 1230 688 vel
1287 621 1694 711 significandi
1751 619 2038 687 facultas.
2128 621 2399 707 Opinati
2453 618 2693 706 aliquid

481 749 558 794 ac
602 726 790 794 simul
832 747 968 792 non
1018 729 1267 813 opinari
1315 747 1458 807 eos,
1502 725 1733 813 quibus
1778 725 1937 817 haec
1981 722 2253 811 placent,
2296 723 2454 789 nihil
2496 727 2698 811 impe-

480 830 603 912 dit,
662 839 727 898 at
784 821 944 895 nihil
998 851 1151 896 vere
1206 840 1492 896 statuunt
1535 829 1705 917 apud
1753 833 2025 894 animum
2071 823 2569 912 (ὑπολαμβάνει
2609 826 2693 892 ch

481 934 563 1001 ad
599 935 673 999 A
707 936 766 1000 1.
813 936 1114 1016 981ae⁴7);
1191 933 1392 1020 Quod
1432 936 1541 1020 qui
1585 934 1842 1012 faciunt,
1886 931 2044 997 nihil
2089 931 2395 997 differunt
2436 952 2474 998 a
2515 929 2696 1017 plan-

481 1043 592 1118 tis,
636 1039 769 1105 τῶν
811 1038 1055 1128 φυτῶν.
1145 1040 1289 1103 Hoc
1336 1042 1500 1104 enim
1547 1037 1960 1116 vocabulum,
2018 1037 2316 1125 φυτῶν,
2359 1038 2697 1104 restituen-

481 1141 629 1209 dum
675 1143 897 1207 censui
942 1161 979 1205 e
1023 1144 1390 1207 coniectura
1434 1166 1558 1229 pro
1602 1143 1885 1209 lectione
1928 1139 2219 1206 codicum
2264 1137 2539 1204 absurda
2579 1159 2698 1204 πε-

481 1240 805 1333 φυκότων,
846 1252 1098 1309 secutus
1140 1255 1212 1311 et
1255 1245 1605 1314 Alexandri
1650 1249 2164 1312 commentarium
2208 1268 2274 1330 p.
2304 1243 2454 1322 255,
2500 1244 2582 1308 17
2629 1254 2697 1307 et

479 1351 618 1435 ipsa
664 1345 1027 1412 Aristotelis
1062 1333 1266 1415 verba
1318 1351 1527 1418 100612
1570 1351 1670 1416 14.
1741 1351 1820 1417 cf.
1868 1349 2028 1417 Obs.
2072 1371 2137 1435 p.
2169 1350 2252 1413 87
2303 1368 2395 1434 sq⁴

615 1453 818 1517 100810
846 1452 930 1517 13
961 1446 1169 1520 ὅθεν
1201 1489 1283 1505 -—-
1311 1456 1396 1519 31
1433 1450 1871 1535 ἀλήθειαν.
1930 1453 2290 1520 Adversarii
2320 1449 2530 1518 verbis
2560 1451 2696 1536 qui-

481 1555 624 1622 dem
670 1573 967 1624 recusare
1014 1567 1287 1642 possunt
1327 1561 1708 1645 principium
1748 1557 2289 1634 contradictionis,
2333 1575 2469 1622 non
2514 1575 2584 1618 re
2629 1562 2697 1618 et

479 1658 757 1748 agendo.
828 1660 1132 1747 'Apparet
1177 1665 1507 1728 enimeos
1553 1681 1789 1749 cupere
1834 1662 1987 1742 alia,
2044 1661 2168 1726 alia
2212 1657 2469 1748 fugere,
2520 1656 2697 1723 unde

481 1767 896 1850 consequitur
938 1774 1008 1829 ut
1050 1764 1179 1829 hoc
1218 1764 1463 1830 bonum
1507 1766 1667 1831 illud
1712 1765 1972 1846 malum,
2030 1767 2157 1832 hoc
2211 1765 2529 1829 hominem
2572 1753 2697 1828 nec

478 1867 665 1933 simul
695 1868 1218 1947 non-hominem,
1262 1868 1423 1934 illud
1469 1891 1694 1956 aquam
1734 1891 1855 1934 nec
1892 1869 2075 1934 simul
2110 1889 2523 1953 non-aquam
2549 1887 2693 1930 esse

482 1975 845 2058 opinentur.
933 1972 1113 2059 Ergo
1173 1972 1259 2037 de
1314 1971 1692 2059 quibusdam
1744 1971 1939 2038 rebus
1984 1975 2241 2059 ἔχουσιν
2282 1970 2507 2047 ἅπλῶς
2544 1972 2696 2049 ὂ26,

480 2076 542 2139 h.
572 2096 641 2139 e.-
681 2078 836 2139 certi
881 2076 1203 2163 quidpiam
1249 2076 1352 2141 vel
1396 2077 1715 2142 affirmant
1756 2076 1863 2144 vel
1907 2086 2184 2164 negant,
2231 2097 2357 2141 nec
2399 2074 2583 2142 simul
2629 2083 2698 2139 ct

482 2178 800 2244 affirmant
846 2190 910 2244 et
953 2190 1212 2267 negant.
1301 2179 1502 2264 Quod
1549 2184 1603 2245 si
1646 2181 1773 2244 hoc
1817 2202 1889 2245 se
1935 2182 2260 2267 opinari
2313 2177 2694 2256 concedunt,

481 2286 698 2347 scire
740 2283 1097 2348 infitiantur
1132 2285 1280 2362 527,
1322 2304 1458 2348 non
1501 2283 1848 2350 incusanda
1881 2294 1980 2349 cst
2008 2306 2216 2349 rerum
2248 2292 2487 2361 natura,
2533 2304 2696 2369 quae

482 2390 919 2473 opinationem
976 2396 1219 2452 tantum
1269 2391 1620 2475 permittat,
1677 2387 1791 2452 sed
1850 2386 2218 2456 enitendum
2272 2397 2343 2453 ut
2388 2407 2425 2451 a
2470 2386 2698 2452 debili-

481 2500 614 2557 tate
659 2494 1048 2579 opinationis
1091 2491 1175 2557 ad
1219 2495 1524 2558 scientiae
1568 2495 1898 2558 sanitatem
1945 2492 2237 2558 evadant.

500 2610 507 2625 ¹
614 2598 818 2664 1008&
840 2598 926 2662 31
974 2596 1093 2661 ἔτι
1137 2601 1203 2662 εὶ
1244 2636 1325 2650 -
1368 2598 1580 2665 100901
1607 2599 1649 2662 5
1691 2593 1995 2685 ὁρίσαι.
2061 2598 2244 2661 Licet
2279 2593 2593 2683 quidlibet
2631 2605 2698 2661 et

383 2772 407 2781 ,—
481 2701 576 2763 sic
618 2710 685 2764 et
729 2719 864 2764 non
909 2704 1002 2769 sic
1044 2718 1119 2769 se
1162 2700 1401 2771 habere
1445 2699 1855 2780 contendant,
1901 2710 2050 2765 sunt
2094 2710 2307 2766 tamen
2354 2722 2514 2787 quae
2558 2722 2696 2767 non

480 2807 792 2888 pariter
849 2803 1009 2871 falsa
1069 2825 1211 2870 esse
1266 2820 1403 2869 non
1459 2809 1714 2891 possint
1766 2824 1899 2869 non
1947 2804 2324 2870 concedere.
2415 2806 2594 2892 Ergo
2640 2806 2695 2895 si

483 2903 656 2971 aliud
703 2906 831 2971 alio
876 2910 1229 2973 minus·est
1273 2906 1516 2986 falsum,
1562 2904 1729 2975 idem
1778 2917 1876 2972 est
1917 2911 2117 2996 magis
2162 2929 2400 2987 verum,
2435 2911 2594 2974 1235:
2639 2913 2695 2973 εἰ

481 2999 603 3075 οὖν
644 3004 738 3094 μὴ
786 3008 1030 3095 ὁμοίως
1071 3014 1226 3091 (int.
1273 3012 1724 3101 διέψευσται),
1779 3011 1984 3092 δῆλον
2040 3006 2144 3077 ὅτι
2201 3008 2436 3099 ἅτερος
2492 3002 2696 3092 ἦττον

484 3114 640 3194 (int.
686 3114 1129 3204 διέψευσται),
1178 3107 1341 3179 ὥστε
1384 3115 1643 3200 μᾶλλον
1690 3109 2027 3195 ἀληθεύει.
2117 3117 2204 3181 At
2248 3120 2301 3181 si
2347 3117 2500 3203 quid
2547 3138 2696 3202 pro·

479 3217 631 3302 pius
667 3216 749 3282 ad
793 3221 1120 3288 veritatem
1161 3217 1554 3284 accedere
1596 3218 1975 3298 concedunt,
2020 3241 2161 3284 esse
2196 3219 2433 3306 aliquid
2472 3242 2693 3285 verum
2727 3207 2729 3210 ’

481 3341 600 3404 per
642 3342 740 3398 se,
800 3343 929 3407 quo
973 3320 1133 3387 illud
1179 3325 1444 3409 propius
1490 3322 1780 3402 accedat,
1837 3322 2028 3388 iidem
2086 3327 2449 3390 necessario
2497 3323 2697 3389 confi·

481 3431 716 3487 tentur.

1391 3592 1619 3666 CAP.
1685 3592 1776 3665 V.

619 3731 786 3799 Cum
850 3732 1318 3822 infidam-ibus
1366 3737 1689 3821 principii
1744 3734 2285 3800 contradictionis
2348 3741 2696 3803 concinunt

408 3882 413 3887 .
483 3833 939 3921 magor-eae
995 3837 1334 3903 doctrinae
1389 3840 1681 3905 asseclae
1694 3885 1715 3921 ‚
1772 3840 2095 3928 siquidem
2153 3839 2235 3904 ab
2293 3842 2505 3907 altera
2550 3864 2695 3907 sen-

481 3941 687 4002 tentia
725 3945 1097 4007 necessario
1135 3942 1228 4005 ad
1257 3943 1531 4008 alteram
1575 3944 1931 4026 devenitur,
1977 3946 2186 4010 100911
2224 3948 2365 4009 6—
2385 3947 2485 4010 16.
2558 3946 2698 4010 Sed

480 4042 552 4107 in
609 4043 986 4129 refutandis
1055 4045 1161 4110 Itis
1230 4047 1637 4114 adversariis
1697 4048 1903 4135 probe
1973 4050 2509 4135 distinguendum
2574 4060 2693 4130 est,

480 4155 695 4212 utrum
738 4147 909 4212 dicia
965 4172 1174 4214 cauca
1231 4148 1401 4217 illud
1443 4155 1847 4238 principium
1906 4153 2171 4234 tollant,
2230 4177 2316 4218 an
2362 4179 2446 4219 ex
2489 4154 2695 4220 animi

480 4255 824 4334 sententia,
868 4251 1377 4319 dubitationibus
1412 4256 1798 4342 quibuisdam
1832 4256 2076 4339 adacti,
2117 4277 2152 4313 a
2173 4261 2253 4324 16
2272 4295 2353 4309 —
2369 4259 2476 4322 22.
2547 4259 2695 4323 Da·

475 4352 631 4441 ple-tc
672 4368 889 4429 autem
928 4367 1031 4423 est
1074 4361 1146 4425 in
1188 4368 1432 4431 natura
1473 4382 1693 4425 reram
1735 4359 2137 4426 sensibilium
2180 4363 2475 4448 negandi
2504 4365 2695 4448 prin-
