3043 4973
454 201 505 276 8

457 370 769 458 λικαύτην
817 377 1298 464 πραγματείαν.
1384 383 1457 445 ἐν
1494 380 1592 463 τῷ
1636 367 1757 446 οὖν
1797 381 1975 465 μέσῳ
2011 373 2231 466 χρόνῳ
2274 373 2663 460 ἐτελεύτησε,

458 482 571 545 καὶ
600 476 1090 571 ’διεφθάρησάν
1133 502 1282 549 τινα
1322 482 1445 548 τοῦ
1485 483 1784 569 βιβλίου·
1825 477 1922 569 μὴ
1955 483 2321 568 τολμῶντες
2352 483 2424 548 δὲ
2454 502 2663 567 προσ-

457 585 690 650 θεῖναι
743 581 1016 651 οἴκοθεν
1073 588 1138 650 οἱ
1192 589 1727 673 μεταγενέστεροι
1779 580 1891 651 διὰ
1946 580 2026 652 τὸ
2083 580 2254 653 πολὺ
2306 581 2486 652 πάνυ
2531 586 2664 652 λεί·
2779 586 2797 598 “

458 689 715 754 πεσθαι
769 688 888 767 τῆς
942 688 1063 753 τοῦ
1104 685 1350 775 ἀνδρὸς
1391 691 1686 768 ἐννοίας,
1739 685 2114 775 μετήγαγον
2159 694 2229 754 ἐκ
2270 690 2402 756 τῶν
2446 685 2665 755 ἄλλων

460 787 667 857 αὑτοῦ
706 794 1169 877 πραγματειῶν
1211 787 1298 858 τοὶ
1343 795 1685 873 λείποντα,
1737 789 2152 880 ἁρμόσαντες
2207 786 2295 870 ὡὲ
2336 782 2423 872 ἦν
2467 792 2667 859 dwa-

458 888 596 958 τόν.
685 895 772 958 Et
813 893 1148 982 Asclepius
1202 895 1454 983 quidem
1502 900 1645 983 ipse
1691 896 1844 962 licet
1886 896 2228 962 admodum
2273 898 2539 983 exiguae
2582 898 2669 960 sit

460 998 851 1074 auctoritatis
879 999 972 1077 ¹),
1029 998 1191 1064 haec
1245 1012 1455 1064 tamen
1515 1022 1650 1066 non
1707 1023 1781 1066 ex
1837 1021 1959 1065 sno
2003 1002 2267 1087 ingenio
2314 997 2667 1076 tradidisse,

458 1099 571 1163 sed
618 1099 698 1164 ab
744 1103 1207 1187 antiquioribus
1251 1103 1736 1190 interpretibnS,
1788 1125 2055 1190 qnorum
2099 1103 2234 1167 fere
2279 1101 2518 1187 ubique
2562 1122 2667 1165 ve-

459 1204 645 1290 stigia
693 1202 873 1291 legit,
929 1202 1186 1271 videtur
1229 1210 1569 1293 accepisse.
1658 1207 2001 1296 vulgatam
2050 1209 2216 1271 enim
2263 1206 2427 1270 hanc
2469 1205 2668 1269 fuisse

458 1310 887 1372 narrationem
933 1306 1037 1372 vel
1085 1330 1161 1373 ex
1205 1330 1286 1374 eo
1331 1314 1784 1376 commentario
1832 1330 2220 1398 cognoscas,
2271 1311 2379 1395 qui
2425 1307 2508 1371 ad
2552 1328 2669 1393 po-

461 1412 791 1475 steriorem
824 1411 1415 1499 Metaphysicorum
1458 1425 1700 1501 partem
1734 1415 2005 1498 scriptus
2038 1410 2380 1478 Alexandri
2411 1414 2669 1476 nomine

460 1512 678 1590 fertur,
721 1518 858 1579 sive
903 1518 1099 1601 ipsius
1146 1526 1247 1582 est
1272 1518 1617 1585 Alexandri
1659 1519 1794 1582 sive
1840 1538 1917 1580 ex
1962 1519 2097 1581 eins
2140 1518 2672 1602 interpretatione

461 1627 809 1703 excerptus,
839 1640 903 1705 p.
931 1620 1223 1698 483,·19;
1268 1623 1384 1688 καὶ
1427 1620 1615 1707 οἶμαι
1654 1621 1768 1686 καὶ
1809 1622 2018 1686 ταῦτα
2061 1622 2328 1695 ἐκείνοις
2356 1618 2484 1682 ἔδει
2513 1636 2673 1682 σνν-

458 1715 848 1803 τάττεσθαι,
887 1723 1002 1787 καὶ
1042 1719 1199 1800 ἰ’σως
1239 1718 1368 1790 ὑπὸ
1411 1726 1535 1808 μὲν
1568 1723 2053 1811 Ἀριστοτέλους
2096 1728 2520 1790 συντέτακται
2562 1725 2674 1802 (ἐν

461 1818 736 1906 οὐδεμιᾷ
779 1820 908 1912 γὰρ
950 1826 1085 1890 τῶν
1127 1820 1345 1892 ἄλλων
1389 1824 1597 1892 αὐτοῦ
1635 1828 2101 1909 πραγματειῶν
2137 1824 2502 1914 εὑρίσκεται
2533 1846 2671 1889 τοι·

461 1920 660 1989 οῦτόν
703 1949 769 1991 τι
808 1921 1173 2007 πεποιηκὼς
1216 1925 1421 1995 ὁποῖα
1464 1929 1770 1997 ἐνταῦθα
1816 1929 2195 2016 φαίνεται),
2250 1923 2382 1994 ὑπὸ
2439 1929 2509 1992 δὲ
2551 1927 2673 1993 τοῦ

460 2023 779 2112 Εὐδήμαυ
818 2026 1217 2115 κεχώρισται.

589 2131 693 2195 De
724 2133 1135 2198 Aristotelica
1175 2136 1374 2222 igitur
1413 2134 2007 2221 Metaphysicorum
2055 2132 2318 2220 origine,
2363 2135 2420 2196 si
2463 2133 2670 2216 sequi·

460 2254 602 2297 mur
657 2236 1073 2322 interpretum
1134 2237 1534 2303 Graecorum
1591 2239 2063 2313 auctoritatem,
2133 2254 2267 2299 non
2333 2245 2431 2301 est
2494 2232 2671 2321 quod

460 2339 527 2401 in
585 2340 945 2404 universum
1005 2339 1397 2417 dubitemus;
1450 2345 1747 2406 nimirum
1804 2342 2040 2425 scripta
2084 2360 2173 2403 =ea
2220 2360 2361 2403 esse
2405 2337 2484 2402 ab
2530 2337 2673 2402 Ari-

460 2440 697 2518 stotele
741 2454 807 2508 et
845 2443 1073 2509 tradita
1106 2442 1421 2531 discipulo
1451 2445 1743 2511 Eudemo
1775 2444 2010 2511 diserte
2040 2443 2352 2532 produnt3
2398 2439 2511 2507 sed
2555 2460 2674 2527 po-

461 2547 585 2610 tius
629 2567 763 2611 non
810 2569 928 2613 sno
977 2547 1205 2614 ordine
1248 2547 1540 2636 singulos
1580 2549 1782 2615 libros
1830 2549 2178 2635 dispositos
2224 2565 2379 2624 esse,
2425 2543 2674 2610 deside-

460 2652 592 2718 rari
642 2650 765 2715 alia
810 2662 881 2717 nt
937 2672 1103 2739 opus
1145 2651 1405 2740 plenum
1449 2655 1535 2718 sit
1576 2665 1642 2718 et
1684 2652 2080 2730 absolutum,
2136 2651 2260 2716 alia
2309 2652 2673 2736 importune

462 2754 704 2818 intrusa
753 2776 893 2821 esse
939 2755 1460 2841 exspectabimus.
1552 2758 1637 2821 Et
1680 2756 1763 2822 ad
1810 2755 2075 2823 eandem
2122 2753 2375 2840 quidem
2419 2763 2671 2819 senten-

462 2858 608 2920 tiam
670 2857 1008 2923 deducitur
1061 2861 1117 2922 si
1161 2862 1302 2945 quis
1344 2858 1640 2947 neglecta
1686 2859 1796 2923 illa
1841 2862 2262 2945 interpretum
2306 2858 2675 2921 narratione

463 2960 546 3024 ad
602 2964 800 3046 ipsam
859 2960 1167 3027 librorum
1221 2961 1505 3027 indolem
1553 2962 1926 3051 diligentius
1972 2960 2333 3026 attenderit.
2422 2960 2674 3024 Etenim

462 3066 519 3126 si
564 3068 886 3150 exceperis
931 3064 1159 3131 librum
1205 3089 1277 3143 α,
1336 3065 1419 3130 de
1463 3087 1594 3152 quo
1638 3068 1781 3131 iure
1826 3064 2100 3130 dubitari
2145 3072 2391 3150 potest,
2449 3071 2516 3130 et
2559 3081 2677 3148 po-

461 3169 795 3232 steriorem
838 3168 985 3233 libri
1027 3170 1098 3235 K
1140 3178 1385 3256 partem
1430 3170 1583 3234 inde
1628 3191 1668 3233 a
1710 3193 1774 3255 p.
1809 3171 2018 3235 1065a
2050 3170 2169 3245 26,
2225 3165 2563 3231 manifesto
2610 3174 2678 3230 et

460 3270 531 3336 id
586 3271 842 3356 quidem
899 3276 1050 3338 satis
1096 3271 1504 3361 negligenter
1550 3295 1625 3338 ex
1669 3274 1960 3359 Physicis
2006 3281 2388 3358 excerptam,
2446 3268 2677 3355 reliqui

463 3374 715 3459 quidem
760 3373 912 3438 libri
956 3397 1178 3441 omnes
1221 3398 1357 3441 non
1400 3376 1598 3442 modo
1646 3375 2001 3442 doctrinam
2033 3374 2517 3452 Aristotelicam,
2560 3370 2677 3437 sed

464 3479 648 3541 etiam
688 3476 1008 3543 scribendi
1037 3500 1240 3566 genus
1277 3489 1402 3544 tam
1439 3489 1658 3566 aperte
1697 3481 2000 3557 referunt,
2045 3491 2118 3545 ut
2160 3482 2517 3566 quicunque
2559 3497 2678 3542 no-

460 3583 628 3644 verit
663 3580 1091 3657 Aristotelem,
1136 3583 1271 3645 eius
1315 3603 1567 3645 manum
1612 3601 1746 3647 non
1791 3586 1999 3669 possit
2040 3604 2176 3648 non
2220 3603 2576 3670 agnoscere
2599 3582 2676 3663 ²).

463 3683 852 3768 Disputandi
894 3693 1104 3750 autem
1150 3685 1440 3749 ordinem
1486 3694 1553 3750 et
1583 3696 1945 3751 contextum
1977 3689 2032 3750 si
2062 3689 2199 3772 quis
2233 3684 2678 3750 considerave-

461 3789 574 3865 rit,
630 3785 776 3852 fieri
828 3789 935 3852 vix
988 3798 1208 3874 potest
1249 3791 1403 3872 quin
1451 3790 1705 3874 saepius
1748 3787 2026 3853 haereat.
2113 3790 2274 3854 Post
2314 3788 2544 3854 librum
2577 3786 2678 3877 A,

462 3911 592 3976 quo
651 3893 1048 3977 superiorum
1104 3891 1639 3979 philosophorum
1686 3894 1988 3978 expositis
2034 3895 2365 3958 sententiis
2410 3914 2678 3979 praepa-

572 4069 638 4139 1)
675 4076 736 4126 ef.
775 4094 907 4144 quae
943 4075 1043 4127 dixi
1078 4076 1130 4128 iu
1164 4078 1321 4145 praef.
1358 4076 1422 4127 ad
1454 4076 1781 4147 A1e1.Aphr.
1818 4096 2002 4128 comm.
2038 4076 2092 4129 in
2127 4077 2337 4148 Metapa
2389 4097 2441 4146 p.
2467 4077 2544 4128 lx
2566 4064 2640 4145 sil.

568 4155 637 4225 2)
672 4160 885 4213 Brandis
908 4160 1093 4213 'Ueber
1127 4162 1206 4213 die
1232 4162 1382 4213 Arist.
1408 4162 1535 4213 Met.
1572 4183 1622 4231 p.
1654 4176 1742 4216 87:
1781 4161 1859 4213 die
1883 4163 2147 4214 Aechtlieit
2181 4166 2299 4215 aller
2334 4163 2538 4227 iibrigen
2566 4162 2676 4214 Bii-

464 4246 583 4296 cher
616 4245 833 4311 dagegen
877 4248 981 4300 will
1025 4247 1107 4299 ich
1143 4268 1279 4299 zwar
1311 4246 1646 4313 keinesweges
1682 4248 1734 4299 in
1768 4248 2001 4317 positiver
2035 4250 2453 4315 Beweisffihrung
2489 4269 2551 4300 zu
2586 4251 2677 4300 be-

463 4333 670 4385 wahren
705 4334 1085 4397 unternehmen,
1118 4333 1260 4389 wohl
1293 4334 1415 4386 aber
1446 4352 1601 4400 gegen
1636 4334 1861 4400 Angriffc
1897 4355 1961 4387 zu
1994 4349 2257 4418 vertreten5
