3043 4973
1176 240 1251 310 B
1297 236 1366 312 4.
1443 237 1670 310 99911.
2387 239 2524 322 151

307 414 702 498 sempiterni,
734 411 864 486 ‚sed
908 410 1235 480 sensibilia
1282 423 1349 477 et
1390 413 1716 480 mutabilia
1761 416 1992 480 omnia.
2079 417 2164 480 At
2201 419 2258 484 si
2303 418 2526 501 sempi-

309 528 563 582 ternum
610 514 765 584 nibil
812 526 940 594 est,
994 537 1079 580 ne
1138 520 1276 602 ipsa
1335 516 1588 601 quidem
1629 520 1965 604 generatio
2013 528 2084 586 et
2122 523 2386 588 mutatio
2429 520 2527 586 lo-

311 642 455 685 eum
500 620 743 688 habere
786 630 1019 705 potest,
1064 622 1367 705 quoniam
1402 624 1735 707 generatio
1774 642 1983 706 neque
2023 643 2098 686 ex
2134 622 2387 688 infinito
2424 642 2526 690 or·-

311 724 486 788 ditur
529 745 738 809 neque
785 727 853 788 in
890 724 1204 790 infinitum
1246 724 1674 811 progreditur,
1720 724 1834 790 sed
1873 728 2312 812 generationis
2348 728 2526 810 quasi

310 828 553 904 flumen
611 830 798 894 certis
863 837 929 892 et
985 830 1115 891 suis
1171 825 1472 892 limitibus
1530 826 1980 894 includendam
2035 839 2148 896 est.
2250 829 2528 898 Primum

314 935 502 1010 enim,
542 932 801 1009 ἰδ-8,
846 940 917 998 ut
960 933 1045 996 sit
1075 933 1447 1017 generatim.
1475 952 1618 995 esse
1646 942 1905 1015 oportet
1939 955 2013 1000 ex
2054 953 2181 1017 quo
2221 931 2373 1017 quid
2411 931 2527 998 fiat

314 1036 439 1116 (ef.
472 1038 537 1110 Z
562 1037 623 1102 8.
668 1038 743 1102 A
777 1037 836 1099 l.
877 1036 1080 1102 1069&
1104 1034 1167 1098 3.
1200 1033 1352 1114 aL),
1399 1043 1462 1097 et
1508 1044 1842 1108 extremam
1890 1035 2142 1121 quidem
2186 1039 2530 1113 materiam,

317 1161 393 1203 ex
438 1162 567 1225 qua
612 1143 823 1206 omnia
864 1138 1055 1216 fiant,
1119 1147 1440 1202 aeternam
1497 1157 1639 1202 esse
1695 1151 1984 1224 oportet,
2044 1137 2216 1221 εἴπερ
2263 1143 2528 1206 ἵσταται

312 1246 422 1307 int.
471 1239 514 1321 ἡ
562 1236 769 1310 ἄλλου
813 1238 880 1319 ἐξ
925 1236 1132 1306 ἄλλου
1188 1245 1435 1324 γένεσις
1492 1241 1614 1319 (ef.
1672 1241 1936 1307 similem
1995 1246 2062 1306 in
2123 1241 2341 1310 eadem
2401 1227 2528 1306 for-³

312 1344 486 1412 mula
541 1344 796 1429 ellipsin
844 1347 1042 1410 looob
1081 1347 1188 1409 28.
1252 1347 1326 1409 A
1370 1346 1434 1410 3.
1479 1346 1690 1411 107oa
1725 1348 1788 1424 2,
1829 1348 1901 1424 4,
1951 1345 2090 1410 Zell
2137 1346 2216 1410 ad
2261 1346 2405 1414 Eth.
2442 1346 2525 1412 N.

314 1471 378 1533 p.
421 1451 528 1530 7),
587 1448 649 1512 h.
683 1470 737 1512 e.
784 1447 1092 1534 siquidem
1138 1457 1392 1520 constat
1434 1469 1569 1512 non
1620 1471 1814 1534 posse
1871 1453 1937 1514 in
1993 1448 2310 1514 infinitum
2351 1470 2528 1514 rece-

315 1550 469 1615 dere
514 1550 867 1638 generandi
909 1554 1303 1637 principium,
1350 1552 1515 1630 cea
1554 1554 1616 1620 2.
1653 1554 1814 1620 9941»
1840 1556 1902 1617 6.
1946 1554 2022 1620 A
2055 1554 2158 1616 10.
2197 1553 2393 1620 10750
2419 1553 2528 1640 26,

312 1655 423 1718 καὶ
471 1659 540 1718 ἐκ
584 1651 675 1737 μὴ
722 1648 916 1730 ὄντος
957 1656 1311 1738 γίγνεσθαι
1355 1651 1703 1733 ἀδύνατον,
1747 1655 1827 1720 cf.
1866 1657 1930 1718 Z
1957 1658 2014 1721 7.
2055 1656 2257 1719 103211
2290 1656 2395 1719 30.
2439 1692 2519 1705 -

312 1758 590 1834 Deinde,
611 1759 900 1835 118—12,
930 1760 1360 1845 generationis
1392 1762 1667 1823 cuiusvis
1699 1768 1766 1823 et
1797 1768 2007 1821 motus
2040 1756 2233 1822 finem
2267 1767 2524 1842 oportet

313 1863 522 1927 statui.
602 1862 766 1928 Nam
810 1865 863 1925 si
911 1864 981 1926 iu
1027 1862 1342 1928 infinitum
1393 1861 1702 1950 progredi
1756 1864 2047 1947 ponimus
2092 1863 2524 1938 mutationem,

313 1985 651 2049 numquam
680 1985 786 2029 res
816 1964 944 2044 ulla
978 1987 1155 2029 esse
1184 1975 1416 2051 potest,
1440 1969 1581 2049 quia
1617 1975 1746 2030 tum
1782 1974 1898 2030 est
1931 1985 2118 2049 quum
2145 1966 2409 2048 primum
2437 1965 2532 2030 fae-1

314 2078 413 2134 cta
460 2077 574 2145 est,
621 2061 732 2131 ὅτε
776 2070 1039 2153 πρῶτον
1082 2072 1348 2151 γέγονεν
1382 2069 1530 2145 ὸ12,
1581 2071 1621 2132 i.
1653 2089 1709 2132 e.
1745 2067 1856 2131 ubi
1899 2068 2164 2130 mutatio
2207 2088 2386 2134 suum
2429 2077 2533 2140 est,

312 2170 509 2238 finem
532 2179 851 2246 assecuta3
883 2169 1061 2255 quod
1086 2181 1298 2236 autem
1320 2190 1454 2236 non
1482 2180 1696 2256 potest
1721 2170 1952 2234 factum
1981 2190 2138 2247 este,
2167 2169 2235 2236 id
2268 2192 2349 2235 ne
2381 2172 2534 2238 fieri-

314 2274 570 2359 quidem
605 2283 838 2358 potest.
906 2274 1408 2342 Gener-ationem
1450 2277 1649 2361 igitur
1692 2275 1890 2358 ipsam
1933 2272 2120 2350 tollit,
2164 2277 2523 2360 quicunque

314 2376 506 2442 fixum
551 2387 747 2463 negat
790 2381 1226 2464 generationis
1271 2378 1482 2444 finem.
1552 2375 1968 2458 (Alexander,
2015 2397 2196 2466 quem
2243 2380 2527 2462 sequitur

315 2481 543 2559 Schw„
582 2479 1007 2566 supplendum
1047 2493 1252 2568 putat:
1299 2470 1379 2547 οὗ
1413 2483 1552 2547 ἔστι
1587 2483 1808 2568 πέρας,
1851 2475 2089 2561 ,ΐθύῖθυ
2124 2475 2382 2564 ἀνάγκη
2415 2482 2530 2545 καὶ

315 2579 527 2670 ἀρχὴν
572 2581 742 2649 εἶναι
772 2607 846 2669 p.
882 2587 1026 2663 169,
1057 2589 1116 2664 2,
1162 2595 1233 2649 ut
1277 2585 1402 2648 hoo
1446 2588 1634 2653 etiam
1672 2593 2109 2669 argumentum
2148 2584 2228 2647 ad
2267 2584 2532 2649 demon-

310 2686 635 2755 strandam
690 2691 992 2753 materiae
1049 2692 1484 2755 aeternitatem
1543 2691 1879 2774 pertineat.
1972 2685 2248 2751 Facilius
2304 2690 2390 2750 ita
2443 2687 2526 2753 ad

315 2793 671 2877 proximum
717 2802 1157 2878 argumentum
1200 2795 1453 2859 transiri
1496 2814 1634 2859 non
1669 2811 1861 2878 nege,
1905 2789 2020 2855 sed
2059 2810 2192 2855 non
2227 2789 2527 2865 videntur

316 2915 388 2961 ea
424 2896 645 2959 omitti
691 2897 1005 2979 potuisse,
1062 2897 1127 2957 in
1188 2895 1419 2980 quibus
1474 2905 1644 2963 esset
1687 2897 1824 2979 ipsa
1869 2896 2367 2961 ratiocinationis
2413 2898 2526 2972 vi8‚

313 3018 524 3082 neque
570 2997 679 3063 ubi
722 2997 903 3082 plura
948 3009 1320 3085 argumenta
1366 3021 1485 3084 per
1529 3021 1673 3063 voc.
1717 2998 1812 3065 ἔτι
1843 2995 1915 3073 ιδ’
1956 2997 2263 3074 adnectit,
2309 3001 2376 3061 in
2413 3018 2526 3071 eo·

314 3123 449 3167 rum
500 3104 955 3171 coniunctione
999 3100 1378 3179 Aristoteles
1439 3092 1672 3187 ubique
1719 3103 1870 3167 satis
1916 3100 2189 3187 diligens
2235 3105 2392 3179 est.)
2440 3116 2523 3153 -2-

316 3203 572 3289 Quodsi
614 3209 916 3273 materiae
960 3209 1399 3271 aeternitatem
1441 3204 1839 3281 tribuendam
1878 3223 2016 3269 esse
2054 3207 2363 3287 apparuit,
2398 3205 2540 3297 ΗΖ·

314 3311 535 3389 -16,
593 3308 792 3375 multo
851 3312 1139 3375 nimirum
1188 3311 1388 3395 magis
1435 3320 1932 3381 consentaneum
1979 3315 2104 3381 est,
2164 3327 2339 3369 esse
2385 3326 2542 3373 eam.

314 3384 601 3491 formam,
648 3433 831 3497 quam
875 3417 1136 3513 materia
1179 3412 1402 3491 induit,
1448 3415 1542 3477 ἔτι
1582 3411 1840 3497 μᾶλλον
1886 3404 2157 3491 εὔλογον
2202 3406 2370 3475 εἶναι
2407 3406 2540 3488 τὴν.

315 3512 552 3595 οὐσίαν
599 3519 678 3594 (i.
710 3537 767 3579 e.
812 3509 890 3583 τὰ
918 3502 1147 3594 aldae)
1195 3510 1233 3580 5
1279 3539 1437 3581 ποτε
1482 3517 1693 3593 ἐκείνη
1733 3517 1890 3591 (int.
1929 3510 1973 3593 ἡ
2008 3508 2172 3592 ὕλη)
2216 3515 2524 3595 γίγνεται.

315 3617 561 3702 (Quod
620 3613 659 3682 5
715 3640 874 3685 ποτε
930 3622 1163 3704 scripsi
1206 3641 1281 3682 ex
1327 3618 1502 3693 Alex.
1552 3642 1612 3704 p.
1653 3620 1812 3695 170,
1841 3618 1884 3680 2
1931 3626 1996 3680 et
2039 3615 2182 3680 cod.
2221 3616 2350 3696 Ε,
2387 3619 2540 3700 ipsa.

313 3724 671 3789 sententiae
697 3725 949 3787 ratione
978 3725 1130 3789 satis
1160 3725 1282 3789 erit
1311 3719 1836 3795 commendatum.
1885 3720 2098 3805 Quum
2134 3721 2316 3795 enim,
2347 3718 2528 3803 quid-

314 3825 468 3911 quid
515 3825 620 3903 fit,
666 3824 732 3889 id
775 3824 890 3891 fiat
930 3820 1060 3893 ὑπό
1108 3847 1283 3902 τινος
1329 3835 1394 3903 et
1437 3827 1504 3889 ἔκ
1548 3832 1836 3900 vevester
1879 3824 1972 3901 τί,
2018 3824 2081 3884 Ζ
2119 3823 2189 3900 8,
2236 3825 2288 3885 si
2334 3815 2410 3895 τὸ
2443 3823 2544 3891 ἔκ.

313 3951 492 4006 τινος
536 3930 576 3992 i.
619 3950 674 3992 e.
720 3931 984 3992 materia
1030 3949 1174 3992 esse
1216 3926 1552 3993 statuenda
1602 3935 1724 4003 est,
1781 3929 1979 4013 magis
2027 3928 2210 3990 etiam
2258 3946 2546 4023 consen-¹

317 4042 569 4107 taneum
620 4041 717 4095 est
758 4030 1128 4116 ponendum
1176 4052 1316 4099 esse
1360 4025 1439 4097 τὸ
1484 4031 1550 4093 τί
1593 4031 1635 4094 i.
1667 4051 1723 4095 e.
1769 4021 1846 4093 τὸ
1889 4025 2079 4104 εἶδος.
2143 4029 2250 4093 De
2285 4028 2523 4117 genere

314 4145 547 4199 neutro
593 4130 631 4201 5
680 4134 945 4209 liberius
1000 4144 1353 4219 usurpato
1359 4133 1438 4197 cf.
1485 4133 1718 4196 Waitz
1761 4131 1864 4197 ad
1890 4132 2049 4219 Org.
2091 4131 2125 4195 l
2171 4134 2242 4196 41»
2281 4135 2340 4197 4.
2400 4134 2524 4197 481¹

315 4233 1782 4322 34.-‹3‘non„cf.‘10pv181461›8)
2537 4276 2548 4291 ι

444 4341 635 4421 inde,-
649 4343 706 4419 si
753 4350 863 4417 est,
880 4340 1255 4419 verisimile,
1296 4360 1436 4413 non
1481 4358 1676 4428 posse
1719 4339 1882 4407 nihil
1922 4342 2082 4426 poni
2124 4348 2376 4426 praeter
2415 4357 2534 4403 res·
2563 4374 2566 4379 -
