<?xml version="1.0" encoding="UTF-8"?>
<!DOCTYPE html PUBLIC "-//W3C//DTD XHTML 1.0 Transitional//EN"
    "http://www.w3.org/TR/xhtml1/DTD/xhtml1-transitional.dtd">
<html xmlns="http://www.w3.org/1999/xhtml" xml:lang="en" lang="en">
 <head>
  <title>
</title>
<meta http-equiv="Content-Type" content="text/html;charset=utf-8" />
  <meta name='ocr-system' content='tesseract 3.04.00' />
  <meta name='ocr-capabilities' content='ocr_page ocr_carea ocr_par ocr_line ocrx_word'/>
</head>
<body>
  <div class='ocr_page' id='page_1' title='image "aristotelismeta02bonigoog_0311.png"; bbox 0 0 3043 4973; ppageno 0'>
   <div class='ocr_carea' id='block_1_1' title="bbox 1165 244 2540 324">
    <p class='ocr_par' dir='ltr' id='par_1_1' title="bbox 1165 244 2540 324">
     <span class='ocr_line' id='line_1_1' title="bbox 1165 244 2540 324; baseline 0.006 -8"><span class='ocrx_word' id='word_1_1' title='bbox 1165 248 1242 316; x_wconf 88' lang='lat' dir='ltr'><strong><em>Z</em></strong></span> <span class='ocrx_word' id='word_1_2' title='bbox 1282 244 1349 318; x_wconf 82' lang='lat'><strong>3.</strong></span> <span class='ocrx_word' id='word_1_3' title='bbox 1434 244 1705 320; x_wconf 53' lang='lat'>1028&amp;</span> <span class='ocrx_word' id='word_1_4' title='bbox 2392 249 2540 324; x_wconf 81' lang='lat'><strong>299</strong></span> 
     </span>
    </p>
   </div>
   <div class='ocr_carea' id='block_1_2' title="bbox 302 405 2581 4460">
    <p class='ocr_par' dir='ltr' id='par_1_2' title="bbox 302 405 2581 4460">
     <span class='ocr_line' id='line_1_2' title="bbox 333 405 2539 512; baseline 0.004 -27"><span class='ocrx_word' id='word_1_5' title='bbox 333 418 745 506; x_wconf 79' lang='lat' dir='ltr'><strong>opinionibus</strong></span> <span class='ocrx_word' id='word_1_6' title='bbox 803 418 1077 500; x_wconf 85' lang='lat' dir='ltr'><strong>orditur,</strong></span> <span class='ocrx_word' id='word_1_7' title='bbox 1135 431 1210 485; x_wconf 90' lang='lat' dir='ltr'><strong>ut</strong></span> <span class='ocrx_word' id='word_1_8' title='bbox 1261 422 1412 487; x_wconf 89' lang='lat' dir='ltr'><strong>inde</strong></span> <span class='ocrx_word' id='word_1_9' title='bbox 1470 405 1925 511; x_wconf 80' lang='lat' dir='ltr'><strong>cognoscatur,</strong></span> <span class='ocrx_word' id='word_1_10' title='bbox 1982 426 2093 491; x_wconf 89' lang='lat' dir='ltr'><strong>ubi</strong></span> <span class='ocrx_word' id='word_1_11' title='bbox 2147 430 2539 512; x_wconf 87' lang='lat' dir='ltr'><strong>potissimum</strong></span> 
     </span>
     <span class='ocr_line' id='line_1_3' title="bbox 330 524 2542 607; baseline 0.005 -20"><span class='ocrx_word' id='word_1_12' title='bbox 330 524 721 589; x_wconf 83' lang='lat' dir='ltr'><strong>substantiae</strong></span> <span class='ocrx_word' id='word_1_13' title='bbox 767 534 990 589; x_wconf 89' lang='lat' dir='ltr'><strong>natura</strong></span> <span class='ocrx_word' id='word_1_14' title='bbox 1035 525 1420 590; x_wconf 81' lang='lat' dir='ltr'><strong>invenienda</strong></span> <span class='ocrx_word' id='word_1_15' title='bbox 1468 548 1609 591; x_wconf 87' lang='lat' dir='ltr'><strong>esse</strong></span> <span class='ocrx_word' id='word_1_16' title='bbox 1654 528 1964 594; x_wconf 87' lang='lat' dir='ltr'><strong>videatur.</strong></span> <span class='ocrx_word' id='word_1_17' title='bbox 2053 529 2160 607; x_wconf 90' lang='lat' dir='ltr'><strong>Et,</strong></span> <span class='ocrx_word' id='word_1_18' title='bbox 2205 533 2325 595; x_wconf 90' lang='lat' dir='ltr'><strong>nisi</strong></span> <span class='ocrx_word' id='word_1_19' title='bbox 2371 531 2542 597; x_wconf 87' lang='lat' dir='ltr'><strong>forte</strong></span> 
     </span>
     <span class='ocr_line' id='line_1_4' title="bbox 332 626 2542 719; baseline 0.004 -27"><span class='ocrx_word' id='word_1_20' title='bbox 332 626 533 715; x_wconf 88' lang='lat' dir='ltr'><strong>plura,</strong></span> <span class='ocrx_word' id='word_1_21' title='bbox 580 638 853 714; x_wconf 88' lang='lat' dir='ltr'><strong>quatuor</strong></span> <span class='ocrx_word' id='word_1_22' title='bbox 896 640 1069 694; x_wconf 81' lang='lat' dir='ltr'><strong>certe</strong></span> <span class='ocrx_word' id='word_1_23' title='bbox 1113 633 1505 715; x_wconf 86' lang='lat' dir='ltr'><strong>potissimum</strong></span> <span class='ocrx_word' id='word_1_24' title='bbox 1555 651 1694 697; x_wconf 87' lang='lat' dir='ltr'><strong>esse</strong></span> <span class='ocrx_word' id='word_1_25' title='bbox 1740 631 1906 712; x_wconf 89' lang='lat' dir='ltr'><strong>dicit,</strong></span> <span class='ocrx_word' id='word_1_26' title='bbox 1961 653 2122 719; x_wconf 87' lang='lat' dir='ltr'><strong>quae</strong></span> <span class='ocrx_word' id='word_1_27' title='bbox 2165 656 2286 719; x_wconf 88' lang='lat' dir='ltr'><strong>pro</strong></span> <span class='ocrx_word' id='word_1_28' title='bbox 2334 636 2542 701; x_wconf 82' lang='lat' dir='ltr'><strong>diver-</strong></span> 
     </span>
     <span class='ocr_line' id='line_1_5' title="bbox 332 731 2540 819; baseline 0.004 -22"><span class='ocrx_word' id='word_1_29' title='bbox 332 735 421 797; x_wconf 86' lang='lat' dir='ltr'><strong>sis</strong></span> <span class='ocrx_word' id='word_1_30' title='bbox 465 731 994 819; x_wconf 82' lang='lat' dir='ltr'><strong>philosophorum</strong></span> <span class='ocrx_word' id='word_1_31' title='bbox 1041 737 1370 800; x_wconf 80' lang='lat' dir='ltr'><strong>sententiis</strong></span> <span class='ocrx_word' id='word_1_32' title='bbox 1421 733 1814 802; x_wconf 88' lang='lat' dir='ltr'><strong>substantiae</strong></span> <span class='ocrx_word' id='word_1_33' title='bbox 1858 740 1983 800; x_wconf 82' lang='lat' dir='ltr'><strong>vim</strong></span> <span class='ocrx_word' id='word_1_34' title='bbox 2030 737 2152 801; x_wconf 89' lang='lat' dir='ltr'><strong>sibi</strong></span> <span class='ocrx_word' id='word_1_35' title='bbox 2196 740 2540 819; x_wconf 82' lang='lat' dir='ltr'><strong>vindicent,</strong></span> 
     </span>
     <span class='ocr_line' id='line_1_6' title="bbox 302 826 2541 927; baseline 0.004 -28"><span class='ocrx_word' id='word_1_36' title='bbox 302 829 410 901; x_wconf 81' lang='grc' dir='ltr'><strong>.τὸ</strong></span> <span class='ocrx_word' id='word_1_37' title='bbox 447 838 513 900; x_wconf 83' lang='grc' dir='ltr'><strong>τί</strong></span> <span class='ocrx_word' id='word_1_38' title='bbox 548 826 634 916; x_wconf 82' lang='grc' dir='ltr'><strong>ἦν</strong></span> <span class='ocrx_word' id='word_1_39' title='bbox 673 834 853 914; x_wconf 81' lang='grc' dir='ltr'><strong><em>εἶναι,</em></strong></span> <span class='ocrx_word' id='word_1_40' title='bbox 892 832 967 903; x_wconf 81' lang='grc' dir='ltr'><strong>τὸ</strong></span> <span class='ocrx_word' id='word_1_41' title='bbox 1003 833 1329 916; x_wconf 78' lang='grc' dir='ltr'><strong><em>καθόλου,</em></strong></span> <span class='ocrx_word' id='word_1_42' title='bbox 1371 833 1447 904; x_wconf 80' lang='grc' dir='ltr'><strong>τὸ</strong></span> <span class='ocrx_word' id='word_1_43' title='bbox 1484 843 1688 923; x_wconf 79' lang='grc' dir='ltr'><strong>γένος,</strong></span> <span class='ocrx_word' id='word_1_44' title='bbox 1730 835 1807 905; x_wconf 85' lang='grc' dir='ltr'><strong>τὸ</strong></span> <span class='ocrx_word' id='word_1_45' title='bbox 1843 837 2288 924; x_wconf 80' lang='grc' dir='ltr'><strong>ὑποκείμενον.</strong></span> <span class='ocrx_word' id='word_1_46' title='bbox 2360 843 2541 927; x_wconf 84' lang='lat' dir='ltr'><strong>Quo·</strong></span> 
     </span>
     <span class='ocr_line' id='line_1_7' title="bbox 330 941 2539 1033; baseline 0.004 -29"><span class='ocrx_word' id='word_1_47' title='bbox 330 961 471 1004; x_wconf 83' lang='lat' dir='ltr'><strong>rum</strong></span> <span class='ocrx_word' id='word_1_48' title='bbox 529 943 797 1025; x_wconf 86' lang='lat' dir='ltr'><strong>primum</strong></span> <span class='ocrx_word' id='word_1_49' title='bbox 856 941 1106 1028; x_wconf 85' lang='lat' dir='ltr'><strong>quidem</strong></span> <span class='ocrx_word' id='word_1_50' title='bbox 1164 953 1228 1006; x_wconf 93' lang='lat' dir='ltr'><strong>et</strong></span> <span class='ocrx_word' id='word_1_51' title='bbox 1287 953 1624 1007; x_wconf 85' lang='lat' dir='ltr'><strong>extremum</strong></span> <span class='ocrx_word' id='word_1_52' title='bbox 1680 947 1962 1029; x_wconf 79' lang='lat' dir='ltr'><strong>proxima</strong></span> <span class='ocrx_word' id='word_1_53' title='bbox 2006 949 2213 1010; x_wconf 85' lang='lat' dir='ltr'><strong>statim</strong></span> <span class='ocrx_word' id='word_1_54' title='bbox 2262 946 2539 1033; x_wconf 83' lang='lat' dir='ltr'><strong>disputa-</strong></span> 
     </span>
     <span class='ocr_line' id='line_1_8' title="bbox 333 1044 2543 1136; baseline 0.005 -27"><span class='ocrx_word' id='word_1_55' title='bbox 333 1048 511 1110; x_wconf 80' lang='lat' dir='ltr'><strong>tione</strong></span> <span class='ocrx_word' id='word_1_56' title='bbox 551 1049 811 1121; x_wconf 80' lang='lat' dir='ltr'><strong>exeutit3</strong></span> <span class='ocrx_word' id='word_1_57' title='bbox 857 1067 1020 1131; x_wconf 84' lang='lat' dir='ltr'><strong>quae</strong></span> <span class='ocrx_word' id='word_1_58' title='bbox 1065 1055 1274 1113; x_wconf 85' lang='lat' dir='ltr'><strong>autem</strong></span> <span class='ocrx_word' id='word_1_59' title='bbox 1320 1045 1450 1112; x_wconf 90' lang='lat' dir='ltr'><strong>duo</strong></span> <span class='ocrx_word' id='word_1_60' title='bbox 1498 1046 1710 1112; x_wconf 89' lang='lat' dir='ltr'><strong>medio</strong></span> <span class='ocrx_word' id='word_1_61' title='bbox 1756 1046 1906 1113; x_wconf 86' lang='lat' dir='ltr'><strong>loco</strong></span> <span class='ocrx_word' id='word_1_62' title='bbox 1953 1052 2186 1135; x_wconf 77' lang='lat' dir='ltr'><strong>posuit,</strong></span> <span class='ocrx_word' id='word_1_63' title='bbox 2232 1044 2309 1116; x_wconf 81' lang='grc' dir='ltr'><strong>τὸ</strong></span> <span class='ocrx_word' id='word_1_64' title='bbox 2353 1060 2543 1136; x_wconf 76' lang='grc' dir='ltr'><strong><em>γένος</em></strong></span> 
     </span>
     <span class='ocr_line' id='line_1_9' title="bbox 337 1144 2542 1236; baseline 0.003 -22"><span class='ocrx_word' id='word_1_65' title='bbox 337 1160 403 1214; x_wconf 88' lang='lat' dir='ltr'><strong>et</strong></span> <span class='ocrx_word' id='word_1_66' title='bbox 445 1144 521 1214; x_wconf 85' lang='grc' dir='ltr'><strong>τὸ</strong></span> <span class='ocrx_word' id='word_1_67' title='bbox 566 1147 888 1227; x_wconf 75' lang='grc' dir='ltr'><em>καθόλου,</em></span> <span class='ocrx_word' id='word_1_68' title='bbox 936 1171 1010 1214; x_wconf 88' lang='lat' dir='ltr'><strong>ea</strong></span> <span class='ocrx_word' id='word_1_69' title='bbox 1058 1160 1122 1215; x_wconf 88' lang='lat' dir='ltr'><strong>et</strong></span> <span class='ocrx_word' id='word_1_70' title='bbox 1166 1161 1392 1236; x_wconf 88' lang='lat' dir='ltr'><strong>suapte</strong></span> <span class='ocrx_word' id='word_1_71' title='bbox 1438 1160 1661 1215; x_wconf 87' lang='lat' dir='ltr'><strong>natura</strong></span> <span class='ocrx_word' id='word_1_72' title='bbox 1709 1152 1875 1218; x_wconf 88' lang='lat' dir='ltr'><strong>adeo</strong></span> <span class='ocrx_word' id='word_1_73' title='bbox 1921 1164 2072 1217; x_wconf 67' lang='lat' dir='ltr'><strong>sunt</strong></span> <span class='ocrx_word' id='word_1_74' title='bbox 2117 1155 2424 1235; x_wconf 85' lang='lat' dir='ltr'><strong>confinia,</strong></span> <span class='ocrx_word' id='word_1_75' title='bbox 2470 1168 2542 1222; x_wconf 88' lang='lat' dir='ltr'><strong>ut</strong></span> 
     </span>
     <span class='ocr_line' id='line_1_10' title="bbox 334 1253 2538 1340; baseline 0.003 -23"><span class='ocrx_word' id='word_1_76' title='bbox 334 1253 763 1339; x_wconf 83' lang='lat' dir='ltr'><strong>quaerendum</strong></span> <span class='ocrx_word' id='word_1_77' title='bbox 809 1259 907 1333; x_wconf 89' lang='lat' dir='ltr'><strong>sit,</strong></span> <span class='ocrx_word' id='word_1_78' title='bbox 952 1254 1101 1340; x_wconf 90' lang='lat' dir='ltr'><strong>quid</strong></span> <span class='ocrx_word' id='word_1_79' title='bbox 1149 1254 1523 1321; x_wconf 76' lang='lat' dir='ltr'><strong>discriminis</strong></span> <span class='ocrx_word' id='word_1_80' title='bbox 1567 1260 1735 1321; x_wconf 88' lang='lat' dir='ltr'><strong>inter</strong></span> <span class='ocrx_word' id='word_1_81' title='bbox 1770 1277 1845 1321; x_wconf 83' lang='lat' dir='ltr'><strong>ea</strong></span> <span class='ocrx_word' id='word_1_82' title='bbox 1879 1267 2114 1322; x_wconf 84' lang='lat' dir='ltr'><strong>statuat</strong></span> <span class='ocrx_word' id='word_1_83' title='bbox 2145 1259 2538 1325; x_wconf 83' lang='lat' dir='ltr'><strong>Aristoteles.</strong></span> 
     </span>
     <span class='ocr_line' id='line_1_11' title="bbox 334 1355 2540 1447; baseline 0.002 -24"><span class='ocrx_word' id='word_1_84' title='bbox 334 1355 498 1423; x_wconf 87' lang='lat' dir='ltr'><strong>Sunt</strong></span> <span class='ocrx_word' id='word_1_85' title='bbox 542 1362 705 1423; x_wconf 91' lang='lat' dir='ltr'><strong>enim</strong></span> <span class='ocrx_word' id='word_1_86' title='bbox 753 1359 882 1424; x_wconf 79' lang='lat' dir='ltr'><strong>loci</strong></span> <span class='ocrx_word' id='word_1_87' title='bbox 927 1358 1096 1426; x_wconf 81' lang='lat' dir='ltr'><strong>baud</strong></span> <span class='ocrx_word' id='word_1_88' title='bbox 1135 1361 1323 1445; x_wconf 83' lang='lat' dir='ltr'><strong>pauci</strong></span> <span class='ocrx_word' id='word_1_89' title='bbox 1369 1359 1540 1446; x_wconf 89' lang='lat' dir='ltr'><strong>apud</strong></span> <span class='ocrx_word' id='word_1_90' title='bbox 1588 1358 2026 1439; x_wconf 73' lang='lat' dir='ltr'><strong>Aristotelem,</strong></span> <span class='ocrx_word' id='word_1_91' title='bbox 2082 1362 2311 1447; x_wconf 87' lang='lat' dir='ltr'><strong>quibus</strong></span> <span class='ocrx_word' id='word_1_92' title='bbox 2354 1362 2540 1428; x_wconf 81' lang='lat' dir='ltr'><strong>facile</strong></span> 
     </span>
     <span class='ocr_line' id='line_1_12' title="bbox 335 1459 2544 1548; baseline 0.003 -23"><span class='ocrx_word' id='word_1_93' title='bbox 335 1460 673 1527; x_wconf 84' lang='lat' dir='ltr'><strong>adducaris</strong></span> <span class='ocrx_word' id='word_1_94' title='bbox 730 1473 804 1528; x_wconf 87' lang='lat' dir='ltr'><strong>ut</strong></span> <span class='ocrx_word' id='word_1_95' title='bbox 861 1486 1003 1528; x_wconf 87' lang='lat' dir='ltr'><strong>enm</strong></span> <span class='ocrx_word' id='word_1_96' title='bbox 1060 1463 1281 1548; x_wconf 81' lang='lat' dir='ltr'><strong>credas</strong></span> <span class='ocrx_word' id='word_1_97' title='bbox 1342 1466 1607 1528; x_wconf 89' lang='lat' dir='ltr'><strong>omnino</strong></span> <span class='ocrx_word' id='word_1_98' title='bbox 1653 1485 1787 1529; x_wconf 89' lang='lat' dir='ltr'><strong>non</strong></span> <span class='ocrx_word' id='word_1_99' title='bbox 1832 1464 2190 1529; x_wconf 76' lang='lat' dir='ltr'><strong>distinxisse</strong></span> <span class='ocrx_word' id='word_1_100' title='bbox 2234 1459 2311 1530; x_wconf 82' lang='grc' dir='ltr'><strong>τὸ</strong></span> <span class='ocrx_word' id='word_1_101' title='bbox 2354 1474 2544 1548; x_wconf 73' lang='grc' dir='ltr'><strong><em>γένος</em></strong></span> 
     </span>
     <span class='ocr_line' id='line_1_13' title="bbox 336 1560 2541 1656; baseline 0.001 -25"><span class='ocrx_word' id='word_1_102' title='bbox 336 1576 403 1631; x_wconf 90' lang='lat' dir='ltr'><strong>et</strong></span> <span class='ocrx_word' id='word_1_103' title='bbox 441 1560 520 1631; x_wconf 81' lang='grc' dir='ltr'><strong>τὸ</strong></span> <span class='ocrx_word' id='word_1_104' title='bbox 563 1563 887 1632; x_wconf 78' lang='grc' dir='ltr'><strong><em>καθόλου.</em></strong></span> <span class='ocrx_word' id='word_1_105' title='bbox 980 1567 1201 1632; x_wconf 86' lang='lat' dir='ltr'><strong>Veluti</strong></span> <span class='ocrx_word' id='word_1_106' title='bbox 1256 1568 1381 1632; x_wconf 91' lang='lat' dir='ltr'><strong>hoc</strong></span> <span class='ocrx_word' id='word_1_107' title='bbox 1423 1567 1573 1633; x_wconf 88' lang='lat' dir='ltr'><strong>loco</strong></span> <span class='ocrx_word' id='word_1_108' title='bbox 1619 1572 1684 1633; x_wconf 91' lang='lat' dir='ltr'><strong>in</strong></span> <span class='ocrx_word' id='word_1_109' title='bbox 1731 1572 2045 1656; x_wconf 86' lang='lat' dir='ltr'><strong>principio</strong></span> <span class='ocrx_word' id='word_1_110' title='bbox 2093 1568 2541 1654; x_wconf 79' lang='lat' dir='ltr'><strong>disputationis</strong></span> 
     </span>
     <span class='ocr_line' id='line_1_14' title="bbox 334 1669 2543 1760; baseline 0.002 -26"><span class='ocrx_word' id='word_1_111' title='bbox 334 1669 418 1735; x_wconf 90' lang='lat' dir='ltr'><strong>de</strong></span> <span class='ocrx_word' id='word_1_112' title='bbox 476 1669 825 1735; x_wconf 86' lang='lat' dir='ltr'><strong>substantia</strong></span> <span class='ocrx_word' id='word_1_113' title='bbox 882 1671 1309 1736; x_wconf 77' lang='lat' dir='ltr'><strong>instituendae</strong></span> <span class='ocrx_word' id='word_1_114' title='bbox 1367 1683 1641 1758; x_wconf 88' lang='lat' dir='ltr'><strong>quatuor</strong></span> <span class='ocrx_word' id='word_1_115' title='bbox 1701 1696 1771 1738; x_wconf 90' lang='lat' dir='ltr'><strong>se</strong></span> <span class='ocrx_word' id='word_1_116' title='bbox 1832 1671 2337 1760; x_wconf 80' lang='lat' dir='ltr'><strong>significationes</strong></span> <span class='ocrx_word' id='word_1_117' title='bbox 2394 1674 2543 1738; x_wconf 88' lang='lat' dir='ltr'><strong>sub-</strong></span> 
     </span>
     <span class='ocr_line' id='line_1_15' title="bbox 334 1775 2543 1862; baseline 0.001 -23"><span class='ocrx_word' id='word_1_118' title='bbox 334 1779 606 1839; x_wconf 85' lang='lat' dir='ltr'><strong>stantiae</strong></span> <span class='ocrx_word' id='word_1_119' title='bbox 649 1778 1137 1861; x_wconf 85' lang='lat' dir='ltr'><strong>perquisiturum</strong></span> <span class='ocrx_word' id='word_1_120' title='bbox 1183 1776 1363 1852; x_wconf 82' lang='lat' dir='ltr'><strong>dicit;</strong></span> <span class='ocrx_word' id='word_1_121' title='bbox 1424 1776 1545 1841; x_wconf 89' lang='lat' dir='ltr'><strong>sub</strong></span> <span class='ocrx_word' id='word_1_122' title='bbox 1599 1777 1794 1842; x_wconf 89' lang='lat' dir='ltr'><strong>finem</strong></span> <span class='ocrx_word' id='word_1_123' title='bbox 1843 1787 2048 1842; x_wconf 84' lang='lat' dir='ltr'><strong>autem</strong></span> <span class='ocrx_word' id='word_1_124' title='bbox 2096 1775 2543 1862; x_wconf 81' lang='lat' dir='ltr'><strong>disputationis</strong></span> 
     </span>
     <span class='ocr_line' id='line_1_16' title="bbox 336 1875 2542 1966; baseline 0.001 -23"><span class='ocrx_word' id='word_1_125' title='bbox 336 1900 474 1964; x_wconf 84' lang='lat' dir='ltr'><strong>cap.</strong></span> <span class='ocrx_word' id='word_1_126' title='bbox 509 1880 592 1943; x_wconf 85' lang='lat'><strong>13</strong></span> <span class='ocrx_word' id='word_1_127' title='bbox 636 1882 771 1943; x_wconf 86' lang='lat' dir='ltr'><strong>init.</strong></span> <span class='ocrx_word' id='word_1_128' title='bbox 815 1882 1191 1945; x_wconf 86' lang='lat' dir='ltr'><strong>transiturus</strong></span> <span class='ocrx_word' id='word_1_129' title='bbox 1237 1879 1318 1944; x_wconf 88' lang='lat' dir='ltr'><strong>ad</strong></span> <span class='ocrx_word' id='word_1_130' title='bbox 1365 1875 1441 1945; x_wconf 82' lang='grc' dir='ltr'><strong>τὸ</strong></span> <span class='ocrx_word' id='word_1_131' title='bbox 1485 1879 1811 1960; x_wconf 83' lang='grc' dir='ltr'><strong><em>καθόλου,</em></strong></span> <span class='ocrx_word' id='word_1_132' title='bbox 1856 1882 2024 1960; x_wconf 85' lang='lat' dir='ltr'><strong>dicit,</strong></span> <span class='ocrx_word' id='word_1_133' title='bbox 2070 1884 2367 1966; x_wconf 86' lang='lat' dir='ltr'><strong>quoniam</strong></span> <span class='ocrx_word' id='word_1_134' title='bbox 2408 1881 2542 1946; x_wconf 88' lang='lat' dir='ltr'><strong>duo</strong></span> 
     </span>
     <span class='ocr_line' id='line_1_17' title="bbox 335 1977 2543 2071; baseline 0 -23"><span class='ocrx_word' id='word_1_135' title='bbox 335 1986 465 2048; x_wconf 90' lang='lat' dir='ltr'><strong>sint</strong></span> <span class='ocrx_word' id='word_1_136' title='bbox 506 1994 902 2071; x_wconf 86' lang='lat' dir='ltr'><strong>pertractata,</strong></span> <span class='ocrx_word' id='word_1_137' title='bbox 947 1979 1022 2049; x_wconf 83' lang='grc' dir='ltr'><strong>τὸ</strong></span> <span class='ocrx_word' id='word_1_138' title='bbox 1067 1982 1492 2070; x_wconf 79' lang='grc' dir='ltr'><strong>ὑποκείμενον</strong></span> <span class='ocrx_word' id='word_1_139' title='bbox 1541 1995 1605 2050; x_wconf 87' lang='lat' dir='ltr'><strong>ct</strong></span> <span class='ocrx_word' id='word_1_140' title='bbox 1647 1979 1723 2050; x_wconf 83' lang='grc' dir='ltr'><strong>τὸ</strong></span> <span class='ocrx_word' id='word_1_141' title='bbox 1769 1989 1833 2050; x_wconf 80' lang='grc' dir='ltr'><strong>τί</strong></span> <span class='ocrx_word' id='word_1_142' title='bbox 1883 1977 1962 2066; x_wconf 78' lang='grc' dir='ltr'><strong>ἦν</strong></span> <span class='ocrx_word' id='word_1_143' title='bbox 2006 1983 2188 2061; x_wconf 74' lang='grc' dir='ltr'><strong><em>εἶναι,</em></strong></span> <span class='ocrx_word' id='word_1_144' title='bbox 2231 1983 2543 2069; x_wconf 86' lang='lat' dir='ltr'><strong>reliquum</strong></span> 
     </span>
     <span class='ocr_line' id='line_1_18' title="bbox 340 2083 2540 2174; baseline 0 -20"><span class='ocrx_word' id='word_1_145' title='bbox 340 2110 481 2154; x_wconf 89' lang='lat' dir='ltr'><strong>esse</strong></span> <span class='ocrx_word' id='word_1_146' title='bbox 524 2083 601 2154; x_wconf 80' lang='grc' dir='ltr'><strong>τὸ</strong></span> <span class='ocrx_word' id='word_1_147' title='bbox 646 2083 984 2166; x_wconf 86' lang='grc' dir='ltr'><strong><em>καθόλου,</em></strong></span> <span class='ocrx_word' id='word_1_148' title='bbox 1040 2098 1111 2153; x_wconf 91' lang='lat' dir='ltr'><strong>ut</strong></span> <span class='ocrx_word' id='word_1_149' title='bbox 1152 2091 1291 2174; x_wconf 90' lang='lat' dir='ltr'><strong>ipse</strong></span> <span class='ocrx_word' id='word_1_150' title='bbox 1339 2094 1554 2155; x_wconf 86' lang='lat' dir='ltr'><strong>testari</strong></span> <span class='ocrx_word' id='word_1_151' title='bbox 1601 2089 1892 2155; x_wconf 79' lang='lat' dir='ltr'><strong>videatur</strong></span> <span class='ocrx_word' id='word_1_152' title='bbox 1934 2110 2068 2154; x_wconf 90' lang='lat' dir='ltr'><strong>non</strong></span> <span class='ocrx_word' id='word_1_153' title='bbox 2114 2107 2253 2153; x_wconf 85' lang='lat' dir='ltr'><strong>esse</strong></span> <span class='ocrx_word' id='word_1_154' title='bbox 2300 2110 2373 2154; x_wconf 83' lang='lat' dir='ltr'><strong>ex</strong></span> <span class='ocrx_word' id='word_1_155' title='bbox 2419 2110 2540 2154; x_wconf 90' lang='lat' dir='ltr'><strong>suo</strong></span> 
     </span>
     <span class='ocr_line' id='line_1_19' title="bbox 334 2187 2543 2275; baseline 0 -17"><span class='ocrx_word' id='word_1_156' title='bbox 334 2193 574 2259; x_wconf 87' lang='lat' dir='ltr'><strong>iudicio</strong></span> <span class='ocrx_word' id='word_1_157' title='bbox 623 2193 913 2258; x_wconf 83' lang='lat' dir='ltr'><strong>distincta</strong></span> <span class='ocrx_word' id='word_1_158' title='bbox 959 2187 1037 2258; x_wconf 78' lang='grc' dir='ltr'><strong>τό</strong></span> <span class='ocrx_word' id='word_1_159' title='bbox 1082 2196 1267 2275; x_wconf 78' lang='grc' dir='ltr'><em>γένος</em></span> <span class='ocrx_word' id='word_1_160' title='bbox 1311 2206 1380 2259; x_wconf 88' lang='lat' dir='ltr'><strong>et</strong></span> <span class='ocrx_word' id='word_1_161' title='bbox 1423 2188 1498 2260; x_wconf 82' lang='grc' dir='ltr'><strong>τὸ</strong></span> <span class='ocrx_word' id='word_1_162' title='bbox 1544 2190 1869 2260; x_wconf 78' lang='grc' dir='ltr'><strong><em>καθόλου.</em></strong></span> <span class='ocrx_word' id='word_1_163' title='bbox 1936 2194 2098 2259; x_wconf 88' lang='lat' dir='ltr'><strong>Aliis</strong></span> <span class='ocrx_word' id='word_1_164' title='bbox 2134 2193 2293 2258; x_wconf 90' lang='lat' dir='ltr'><strong>locis</strong></span> <span class='ocrx_word' id='word_1_165' title='bbox 2330 2215 2368 2258; x_wconf 79' lang='lat' dir='ltr'><strong>a</strong></span> <span class='ocrx_word' id='word_1_166' title='bbox 2399 2215 2543 2259; x_wconf 87' lang='lat' dir='ltr'><strong>voc.</strong></span> 
     </span>
     <span class='ocr_line' id='line_1_20' title="bbox 334 2293 2545 2383; baseline 0 -20"><span class='ocrx_word' id='word_1_167' title='bbox 334 2303 523 2383; x_wconf 74' lang='grc' dir='ltr'><strong><em>γένος</em></strong></span> <span class='ocrx_word' id='word_1_168' title='bbox 568 2296 648 2361; x_wconf 91' lang='lat' dir='ltr'><strong>ad</strong></span> <span class='ocrx_word' id='word_1_169' title='bbox 694 2293 1006 2364; x_wconf 87' lang='grc' dir='ltr'><strong><em>καθόλου</em></strong></span> <span class='ocrx_word' id='word_1_170' title='bbox 1036 2307 1101 2361; x_wconf 91' lang='lat' dir='ltr'><strong>et</strong></span> <span class='ocrx_word' id='word_1_171' title='bbox 1129 2301 1402 2362; x_wconf 87' lang='lat' dir='ltr'><strong>vicissim</strong></span> <span class='ocrx_word' id='word_1_172' title='bbox 1442 2320 1477 2361; x_wconf 89' lang='lat' dir='ltr'><strong>a</strong></span> <span class='ocrx_word' id='word_1_173' title='bbox 1512 2294 1821 2363; x_wconf 84' lang='grc' dir='ltr'><strong><em>καθόλου</em></strong></span> <span class='ocrx_word' id='word_1_174' title='bbox 1854 2297 1936 2363; x_wconf 89' lang='lat' dir='ltr'><strong>ad</strong></span> <span class='ocrx_word' id='word_1_175' title='bbox 1968 2302 2157 2383; x_wconf 74' lang='grc' dir='ltr'><strong><em>γένος</em></strong></span> <span class='ocrx_word' id='word_1_176' title='bbox 2186 2301 2271 2362; x_wconf 90' lang='lat' dir='ltr'><strong>ita</strong></span> <span class='ocrx_word' id='word_1_177' title='bbox 2301 2302 2545 2377; x_wconf 83' lang='lat' dir='ltr'><strong>transit,</strong></span> 
     </span>
     <span class='ocr_line' id='line_1_21' title="bbox 337 2401 2543 2488; baseline -0.001 -20"><span class='ocrx_word' id='word_1_178' title='bbox 337 2413 410 2468; x_wconf 88' lang='lat' dir='ltr'><strong>ut</strong></span> <span class='ocrx_word' id='word_1_179' title='bbox 453 2401 608 2467; x_wconf 90' lang='lat' dir='ltr'><strong>nihil</strong></span> <span class='ocrx_word' id='word_1_180' title='bbox 654 2405 822 2466; x_wconf 90' lang='lat' dir='ltr'><strong>inter</strong></span> <span class='ocrx_word' id='word_1_181' title='bbox 865 2411 1196 2488; x_wconf 85' lang='lat' dir='ltr'><strong>utrumque</strong></span> <span class='ocrx_word' id='word_1_182' title='bbox 1243 2402 1620 2467; x_wconf 86' lang='lat' dir='ltr'><strong>discriminis</strong></span> <span class='ocrx_word' id='word_1_183' title='bbox 1666 2402 2061 2466; x_wconf 83' lang='lat' dir='ltr'><strong>intercedere</strong></span> <span class='ocrx_word' id='word_1_184' title='bbox 2106 2401 2417 2479; x_wconf 81' lang='lat' dir='ltr'><strong>videatur,</strong></span> <span class='ocrx_word' id='word_1_185' title='bbox 2464 2403 2543 2466; x_wconf 80' lang='lat' dir='ltr'><strong>cf.</strong></span> 
     </span>
     <span class='ocr_line' id='line_1_22' title="bbox 337 2501 2548 2593; baseline -0.001 -20"><span class='ocrx_word' id='word_1_186' title='bbox 337 2508 406 2573; x_wconf 90' lang='lat' dir='ltr'><em>B</em></span> <span class='ocrx_word' id='word_1_187' title='bbox 433 2510 494 2573; x_wconf 85' lang='lat'><strong>3.</strong></span> <span class='ocrx_word' id='word_1_188' title='bbox 526 2508 687 2574; x_wconf 54' lang='lat'><em>9981)</em></span> <span class='ocrx_word' id='word_1_189' title='bbox 716 2509 825 2572; x_wconf 72' lang='lat'><strong>142</strong></span> <span class='ocrx_word' id='word_1_190' title='bbox 869 2501 1036 2593; x_wconf 76' lang='grc' dir='ltr'><strong><em>πρὸς</em></strong></span> <span class='ocrx_word' id='word_1_191' title='bbox 1076 2508 1148 2572; x_wconf 80' lang='grc' dir='ltr'><strong>δὲ</strong></span> <span class='ocrx_word' id='word_1_192' title='bbox 1183 2504 1446 2584; x_wconf 81' lang='grc' dir='ltr'><strong><em>τούτοις</em></strong></span> <span class='ocrx_word' id='word_1_193' title='bbox 1489 2512 1542 2572; x_wconf 79' lang='grc' dir='ltr'><strong>εὶ</strong></span> <span class='ocrx_word' id='word_1_194' title='bbox 1584 2509 1696 2572; x_wconf 85' lang='grc' dir='ltr'><strong>καὶ</strong></span> <span class='ocrx_word' id='word_1_195' title='bbox 1739 2502 1842 2570; x_wconf 88' lang='grc' dir='ltr'><strong>ὅτι</strong></span> <span class='ocrx_word' id='word_1_196' title='bbox 1885 2501 2174 2588; x_wconf 81' lang='grc' dir='ltr'><strong><em>μάλιστα</em></strong></span> <span class='ocrx_word' id='word_1_197' title='bbox 2220 2504 2419 2589; x_wconf 81' lang='grc' dir='ltr'><strong><em>ἀρχαὶ</em></strong></span> <span class='ocrx_word' id='word_1_198' title='bbox 2461 2502 2548 2572; x_wconf 74' lang='grc' dir='ltr'><strong>τὰ</strong></span> 
     </span>
     <span class='ocr_line' id='line_1_23' title="bbox 338 2604 2547 2696; baseline -0.002 -19"><span class='ocrx_word' id='word_1_199' title='bbox 338 2615 532 2696; x_wconf 76' lang='grc' dir='ltr'><em>γένη</em></span> <span class='ocrx_word' id='word_1_200' title='bbox 577 2613 722 2688; x_wconf 70' lang='grc' dir='ltr'><strong><em>εἰσί,</em></strong></span> <span class='ocrx_word' id='word_1_201' title='bbox 766 2606 1049 2695; x_wconf 80' lang='grc' dir='ltr'><strong><em>πότερον</em></strong></span> <span class='ocrx_word' id='word_1_202' title='bbox 1095 2611 1193 2675; x_wconf 80' lang='grc' dir='ltr'><strong>δεῖ</strong></span> <span class='ocrx_word' id='word_1_203' title='bbox 1233 2610 1521 2693; x_wconf 79' lang='grc' dir='ltr'><strong>νομίζειν</strong></span> <span class='ocrx_word' id='word_1_204' title='bbox 1567 2604 1652 2674; x_wconf 76' lang='grc' dir='ltr'><strong>τοὶ</strong></span> <span class='ocrx_word' id='word_1_205' title='bbox 1690 2610 1923 2695; x_wconf 79' lang='grc' dir='ltr'><strong><em>πρῶτα</em></strong></span> <span class='ocrx_word' id='word_1_206' title='bbox 1955 2612 2086 2673; x_wconf 78' lang='grc' dir='ltr'><strong>τῶν</strong></span> <span class='ocrx_word' id='word_1_207' title='bbox 2130 2610 2331 2692; x_wconf 72' lang='lat' dir='ltr'><strong>ysva&#39;i</strong></span> <span class='ocrx_word' id='word_1_208' title='bbox 2343 2631 2382 2674; x_wconf 89' lang='grc' dir='ltr'><em>ν</em></span> <span class='ocrx_word' id='word_1_209' title='bbox 2425 2605 2547 2693; x_wconf 64' lang='grc' dir='ltr'><strong>ἀρ·</strong></span> 
     </span>
     <span class='ocr_line' id='line_1_24' title="bbox 332 2707 2581 2800; baseline -0.001 -21"><span class='ocrx_word' id='word_1_210' title='bbox 332 2709 462 2800; x_wconf 77' lang='grc' dir='ltr'><strong>χάς</strong></span> <span class='ocrx_word' id='word_1_211' title='bbox 505 2709 552 2794; x_wconf 77' lang='grc' dir='ltr'><em>ἢ</em></span> <span class='ocrx_word' id='word_1_212' title='bbox 594 2710 681 2779; x_wconf 72' lang='grc' dir='ltr'><strong>τὰ</strong></span> <span class='ocrx_word' id='word_1_213' title='bbox 724 2716 966 2798; x_wconf 74' lang='grc' dir='ltr'><strong><em>ἔσχατα</em></strong></span> <span class='ocrx_word' id='word_1_214' title='bbox 1009 2709 1552 2799; x_wconf 75' lang='grc' dir='ltr'><strong><em>κατηγορούμενα</em></strong></span> <span class='ocrx_word' id='word_1_215' title='bbox 1597 2714 1702 2777; x_wconf 75' lang='grc' dir='ltr'><strong>ἐπὶ</strong></span> <span class='ocrx_word' id='word_1_216' title='bbox 1746 2716 1875 2777; x_wconf 80' lang='grc' dir='ltr'><strong>τῶν</strong></span> <span class='ocrx_word' id='word_1_217' title='bbox 1919 2707 2220 2795; x_wconf 71' lang='grc' dir='ltr'><strong>ἀτόμωνς</strong></span> <span class='ocrx_word' id='word_1_218' title='bbox 2263 2714 2375 2777; x_wconf 84' lang='grc' dir='ltr'><strong>καὶ</strong></span> <span class='ocrx_word' id='word_1_219' title='bbox 2416 2707 2581 2799; x_wconf 73' lang='grc' dir='ltr'><strong>γὰρ.</strong></span> 
     </span>
     <span class='ocr_line' id='line_1_25' title="bbox 337 2810 2551 2904; baseline -0.002 -21"><span class='ocrx_word' id='word_1_220' title='bbox 337 2819 536 2901; x_wconf 80' lang='grc' dir='ltr'><strong><em>τοῦτο</em></strong></span> <span class='ocrx_word' id='word_1_221' title='bbox 568 2820 694 2901; x_wconf 72' lang='grc' dir='ltr'><strong>ἔχει</strong></span> <span class='ocrx_word' id='word_1_222' title='bbox 725 2812 1239 2904; x_wconf 73' lang='grc' dir='ltr'><em>ἀμφισβήτησιν.</em></span> <span class='ocrx_word' id='word_1_223' title='bbox 1300 2824 1355 2883; x_wconf 80' lang='grc' dir='ltr'><strong>εὶ</strong></span> <span class='ocrx_word' id='word_1_224' title='bbox 1388 2821 1506 2902; x_wconf 75' lang='grc' dir='ltr'><strong>μὲν</strong></span> <span class='ocrx_word' id='word_1_225' title='bbox 1543 2814 1670 2901; x_wconf 74' lang='grc' dir='ltr'><strong>γὰρ</strong></span> <span class='ocrx_word' id='word_1_226' title='bbox 1704 2814 1810 2881; x_wconf 75' lang='grc' dir='ltr'><strong>ἀεὶ</strong></span> <span class='ocrx_word' id='word_1_227' title='bbox 1843 2810 1928 2881; x_wconf 74' lang='grc' dir='ltr'><strong>τὰ</strong></span> <span class='ocrx_word' id='word_1_228' title='bbox 1963 2812 2343 2880; x_wconf 83' lang='grc' dir='ltr'><strong><em>καθόλου</em></strong></span> <span class='ocrx_word' id='word_1_229' title='bbox 2375 2816 2551 2901; x_wconf 81' lang='grc' dir='ltr'><strong><em>μᾶλ-</em></strong></span> 
     </span>
     <span class='ocr_line' id='line_1_26' title="bbox 340 2914 2549 3010; baseline -0.002 -23"><span class='ocrx_word' id='word_1_230' title='bbox 340 2923 462 2987; x_wconf 86' lang='grc' dir='ltr'><strong>λον</strong></span> <span class='ocrx_word' id='word_1_231' title='bbox 495 2919 713 3006; x_wconf 73' lang='grc' dir='ltr'><strong><em>ἀρχαί,</em></strong></span> <span class='ocrx_word' id='word_1_232' title='bbox 753 2916 1052 3010; x_wconf 78' lang='grc' dir='ltr'><strong>φανερὸν</strong></span> <span class='ocrx_word' id='word_1_233' title='bbox 1082 2917 1186 2987; x_wconf 78' lang='grc' dir='ltr'><strong>ὅτι</strong></span> <span class='ocrx_word' id='word_1_234' title='bbox 1217 2917 1302 2987; x_wconf 72' lang='grc' dir='ltr'><strong>τὰ</strong></span> <span class='ocrx_word' id='word_1_235' title='bbox 1341 2917 1655 2988; x_wconf 75' lang='grc' dir='ltr'><em>ἀνωτάτω</em></span> <span class='ocrx_word' id='word_1_236' title='bbox 1691 2924 1823 2986; x_wconf 84' lang='grc' dir='ltr'><strong>τῶν</strong></span> <span class='ocrx_word' id='word_1_237' title='bbox 1857 2922 2139 3004; x_wconf 72' lang='grc' dir='ltr'><em>γενῶν·</em></span> <span class='ocrx_word' id='word_1_238' title='bbox 2176 2922 2384 2985; x_wconf 85' lang='grc' dir='ltr'><strong><em>ταῦτα</em></strong></span> <span class='ocrx_word' id='word_1_239' title='bbox 2418 2914 2549 3005; x_wconf 75' lang='grc' dir='ltr'><strong>γὰρ</strong></span> 
     </span>
     <span class='ocr_line' id='line_1_27' title="bbox 339 3019 2549 3108; baseline -0.001 -18"><span class='ocrx_word' id='word_1_240' title='bbox 339 3026 599 3108; x_wconf 74' lang='grc' dir='ltr'><strong><em>λέγεται</em></strong></span> <span class='ocrx_word' id='word_1_241' title='bbox 641 3019 812 3091; x_wconf 74' lang='grc' dir='ltr'><strong><em>κατά</em></strong></span> <span class='ocrx_word' id='word_1_242' title='bbox 856 3021 1124 3091; x_wconf 74' lang='grc' dir='ltr'><strong>πάντων</strong></span> <span class='ocrx_word' id='word_1_243' title='bbox 1166 3029 1299 3092; x_wconf 83' lang='grc' dir='ltr'><strong>κτλ.</strong></span> <span class='ocrx_word' id='word_1_244' title='bbox 1390 3025 1521 3092; x_wconf 82' lang='lat' dir='ltr'><strong>Sed</strong></span> <span class='ocrx_word' id='word_1_245' title='bbox 1580 3024 1730 3090; x_wconf 87' lang='lat' dir='ltr'><strong>licet</strong></span> <span class='ocrx_word' id='word_1_246' title='bbox 1785 3025 1880 3089; x_wconf 85' lang='lat' dir='ltr'><strong>his</strong></span> <span class='ocrx_word' id='word_1_247' title='bbox 1933 3023 2196 3108; x_wconf 87' lang='lat' dir='ltr'><strong>aliisque</strong></span> <span class='ocrx_word' id='word_1_248' title='bbox 2241 3023 2549 3089; x_wconf 86' lang='lat' dir='ltr'><strong>similibus</strong></span> 
     </span>
     <span class='ocr_line' id='line_1_28' title="bbox 340 3126 2551 3218; baseline -0.002 -24"><span class='ocrx_word' id='word_1_249' title='bbox 340 3129 504 3194; x_wconf 85' lang='lat' dir='ltr'><strong>locis</strong></span> <span class='ocrx_word' id='word_1_250' title='bbox 563 3128 643 3192; x_wconf 82' lang='lat' dir='ltr'><strong>ad</strong></span> <span class='ocrx_word' id='word_1_251' title='bbox 700 3127 972 3214; x_wconf 78' lang='lat' dir='ltr'><strong>aliquam</strong></span> <span class='ocrx_word' id='word_1_252' title='bbox 1030 3134 1314 3196; x_wconf 85' lang='lat' dir='ltr'><strong>veritatis</strong></span> <span class='ocrx_word' id='word_1_253' title='bbox 1370 3134 1646 3218; x_wconf 81' lang='lat' dir='ltr'><strong>speciem</strong></span> <span class='ocrx_word' id='word_1_254' title='bbox 1704 3126 1931 3192; x_wconf 83' lang='lat' dir='ltr'><strong>adduci</strong></span> <span class='ocrx_word' id='word_1_255' title='bbox 1986 3129 2219 3212; x_wconf 88' lang='lat' dir='ltr'><strong>possit,</strong></span> <span class='ocrx_word' id='word_1_256' title='bbox 2276 3147 2409 3191; x_wconf 90' lang='lat' dir='ltr'><strong>non</strong></span> <span class='ocrx_word' id='word_1_257' title='bbox 2456 3126 2551 3190; x_wconf 81' lang='lat' dir='ltr'><strong>di-</strong></span> 
     </span>
     <span class='ocr_line' id='line_1_29' title="bbox 339 3228 2553 3319; baseline -0.001 -22"><span class='ocrx_word' id='word_1_258' title='bbox 339 3235 579 3319; x_wconf 81' lang='lat' dir='ltr'><strong>stingui</strong></span> <span class='ocrx_word' id='word_1_259' title='bbox 625 3232 703 3295; x_wconf 89' lang='lat' dir='ltr'><strong>ab</strong></span> <span class='ocrx_word' id='word_1_260' title='bbox 753 3232 1099 3299; x_wconf 83' lang='lat' dir='ltr'><strong>Aristotele</strong></span> <span class='ocrx_word' id='word_1_261' title='bbox 1143 3229 1222 3298; x_wconf 82' lang='grc' dir='ltr'><strong>τὸ</strong></span> <span class='ocrx_word' id='word_1_262' title='bbox 1264 3229 1575 3299; x_wconf 85' lang='grc' dir='ltr'><strong><em>καθόλου</em></strong></span> <span class='ocrx_word' id='word_1_263' title='bbox 1620 3241 1685 3296; x_wconf 86' lang='lat' dir='ltr'><strong>et</strong></span> <span class='ocrx_word' id='word_1_264' title='bbox 1728 3228 1803 3297; x_wconf 79' lang='grc' dir='ltr'><strong>τὸ</strong></span> <span class='ocrx_word' id='word_1_265' title='bbox 1847 3234 2062 3314; x_wconf 80' lang='grc' dir='ltr'><strong><em>γένος,</em></strong></span> <span class='ocrx_word' id='word_1_266' title='bbox 2108 3248 2229 3293; x_wconf 80' lang='lat' dir='ltr'><strong>nee</strong></span> <span class='ocrx_word' id='word_1_267' title='bbox 2272 3248 2553 3316; x_wconf 79' lang='lat' dir='ltr'><strong>usquam,</strong></span> 
     </span>
     <span class='ocr_line' id='line_1_30' title="bbox 341 3335 2551 3423; baseline -0.001 -22"><span class='ocrx_word' id='word_1_268' title='bbox 341 3345 646 3423; x_wconf 84' lang='lat' dir='ltr'><strong>qnantum</strong></span> <span class='ocrx_word' id='word_1_269' title='bbox 702 3339 985 3415; x_wconf 82' lang='lat' dir='ltr'><strong>memini,</strong></span> <span class='ocrx_word' id='word_1_270' title='bbox 1042 3340 1180 3422; x_wconf 89' lang='lat' dir='ltr'><strong>ipse</strong></span> <span class='ocrx_word' id='word_1_271' title='bbox 1226 3337 1608 3401; x_wconf 81' lang='lat' dir='ltr'><strong>Aristoteles</strong></span> <span class='ocrx_word' id='word_1_272' title='bbox 1666 3335 1899 3399; x_wconf 87' lang='lat' dir='ltr'><strong>diserte</strong></span> <span class='ocrx_word' id='word_1_273' title='bbox 1948 3335 2164 3397; x_wconf 85' lang='lat' dir='ltr'><strong>harum</strong></span> <span class='ocrx_word' id='word_1_274' title='bbox 2212 3335 2551 3399; x_wconf 87' lang='lat' dir='ltr'><strong>notionum</strong></span> 
     </span>
     <span class='ocr_line' id='line_1_31' title="bbox 340 3436 2552 3525; baseline -0.001 -21"><span class='ocrx_word' id='word_1_275' title='bbox 340 3439 507 3504; x_wconf 85' lang='lat' dir='ltr'><strong>fines</strong></span> <span class='ocrx_word' id='word_1_276' title='bbox 550 3439 887 3517; x_wconf 84' lang='lat' dir='ltr'><strong>describat,</strong></span> <span class='ocrx_word' id='word_1_277' title='bbox 933 3448 1154 3525; x_wconf 83' lang='lat' dir='ltr'><strong>potest</strong></span> <span class='ocrx_word' id='word_1_278' title='bbox 1196 3450 1425 3519; x_wconf 84' lang='lat' dir='ltr'><strong>tamen,</strong></span> <span class='ocrx_word' id='word_1_279' title='bbox 1471 3440 1527 3504; x_wconf 84' lang='lat' dir='ltr'><strong>si</strong></span> <span class='ocrx_word' id='word_1_280' title='bbox 1575 3441 1776 3503; x_wconf 89' lang='lat' dir='ltr'><strong>acrius</strong></span> <span class='ocrx_word' id='word_1_281' title='bbox 1814 3436 2266 3503; x_wconf 82' lang='lat' dir='ltr'><strong>attenderimus</strong></span> <span class='ocrx_word' id='word_1_282' title='bbox 2298 3436 2379 3502; x_wconf 88' lang='lat' dir='ltr'><strong>ad</strong></span> <span class='ocrx_word' id='word_1_283' title='bbox 2411 3459 2552 3502; x_wconf 86' lang='lat' dir='ltr'><strong>sen-</strong></span> 
     </span>
     <span class='ocr_line' id='line_1_32' title="bbox 337 3542 2555 3630; baseline -0 -22"><span class='ocrx_word' id='word_1_284' title='bbox 337 3546 602 3608; x_wconf 81' lang='lat' dir='ltr'><strong>tentiam</strong></span> <span class='ocrx_word' id='word_1_285' title='bbox 635 3543 1017 3630; x_wconf 84' lang='lat' dir='ltr'><strong>philosophi,</strong></span> <span class='ocrx_word' id='word_1_286' title='bbox 1063 3542 1213 3629; x_wconf 88' lang='lat' dir='ltr'><strong>quid</strong></span> <span class='ocrx_word' id='word_1_287' title='bbox 1259 3554 1495 3609; x_wconf 83' lang='lat' dir='ltr'><strong>statuat</strong></span> <span class='ocrx_word' id='word_1_288' title='bbox 1541 3543 1915 3608; x_wconf 80' lang='lat' dir='ltr'><strong>discriminis</strong></span> <span class='ocrx_word' id='word_1_289' title='bbox 1961 3546 2289 3630; x_wconf 77' lang='lat' dir='ltr'><strong>cog-nosci.</strong></span> <span class='ocrx_word' id='word_1_290' title='bbox 2355 3542 2555 3607; x_wconf 72' lang='lat' dir='ltr'><strong>Nimi-</strong></span> 
     </span>
     <span class='ocr_line' id='line_1_33' title="bbox 340 3639 2553 3734; baseline -0.001 -22"><span class='ocrx_word' id='word_1_291' title='bbox 340 3666 482 3712; x_wconf 84' lang='lat' dir='ltr'><strong>rum</strong></span> <span class='ocrx_word' id='word_1_292' title='bbox 527 3642 835 3712; x_wconf 82' lang='grc' dir='ltr'><strong><em>καθόλου</em></strong></span> <span class='ocrx_word' id='word_1_293' title='bbox 882 3642 994 3726; x_wconf 78' lang='lat' dir='ltr'><strong>est,</strong></span> <span class='ocrx_word' id='word_1_294' title='bbox 1041 3647 1215 3733; x_wconf 90' lang='lat' dir='ltr'><strong>quod</strong></span> <span class='ocrx_word' id='word_1_295' title='bbox 1262 3651 1399 3734; x_wconf 89' lang='lat' dir='ltr'><strong>ipsa</strong></span> <span class='ocrx_word' id='word_1_296' title='bbox 1443 3647 1640 3712; x_wconf 87' lang='lat' dir='ltr'><strong>docet</strong></span> <span class='ocrx_word' id='word_1_297' title='bbox 1678 3645 1976 3711; x_wconf 76' lang='lat' dir='ltr'><strong>vocabuli</strong></span> <span class='ocrx_word' id='word_1_298' title='bbox 2016 3650 2220 3733; x_wconf 80' lang='lat' dir='ltr'><strong>erige,</strong></span> <span class='ocrx_word' id='word_1_299' title='bbox 2265 3639 2341 3710; x_wconf 81' lang='grc' dir='ltr'><strong>τὸ</strong></span> <span class='ocrx_word' id='word_1_300' title='bbox 2381 3639 2553 3710; x_wconf 70' lang='grc' dir='ltr'><strong><em>κατὰ</em></strong></span> 
     </span>
     <span class='ocr_line' id='line_1_34' title="bbox 341 3744 2556 3839; baseline 0 -24"><span class='ocrx_word' id='word_1_301' title='bbox 341 3752 466 3815; x_wconf 77' lang='grc' dir='ltr'><strong>τοῦ</strong></span> <span class='ocrx_word' id='word_1_302' title='bbox 509 3745 668 3816; x_wconf 83' lang='grc' dir='ltr'><strong><em>ὅλου</em></strong></span> <span class='ocrx_word' id='word_1_303' title='bbox 711 3747 1302 3839; x_wconf 77' lang='grc' dir='ltr'><strong>κατηγορούμενον,</strong></span> <span class='ocrx_word' id='word_1_304' title='bbox 1349 3752 1427 3817; x_wconf 84' lang='lat' dir='ltr'><strong>cf.</strong></span> <span class='ocrx_word' id='word_1_305' title='bbox 1470 3753 1588 3815; x_wconf 87' lang='lat' dir='ltr'><strong>An.</strong></span> <span class='ocrx_word' id='word_1_306' title='bbox 1625 3759 1791 3836; x_wconf 87' lang='lat' dir='ltr'><strong>post.</strong></span> <span class='ocrx_word' id='word_1_307' title='bbox 1838 3750 1869 3814; x_wconf 92' lang='lat'>1</span> <span class='ocrx_word' id='word_1_308' title='bbox 1915 3752 1974 3814; x_wconf 83' lang='lat'><strong>4.</strong></span> <span class='ocrx_word' id='word_1_309' title='bbox 2023 3753 2138 3816; x_wconf 74' lang='lat'><strong>731&gt;</strong></span> <span class='ocrx_word' id='word_1_310' title='bbox 2174 3752 2288 3815; x_wconf 76' lang='lat'><strong>26:</strong></span> <span class='ocrx_word' id='word_1_311' title='bbox 2333 3744 2556 3815; x_wconf 65' lang='grc' dir='ltr'><strong><em>καθό·</em></strong></span> 
     </span>
     <span class='ocr_line' id='line_1_35' title="bbox 342 3846 2558 3943; baseline -0 -25"><span class='ocrx_word' id='word_1_312' title='bbox 342 3854 465 3919; x_wconf 90' lang='grc' dir='ltr'><strong><em>λου</em></strong></span> <span class='ocrx_word' id='word_1_313' title='bbox 521 3854 590 3919; x_wconf 79' lang='grc' dir='ltr'><strong>δὲ</strong></span> <span class='ocrx_word' id='word_1_314' title='bbox 649 3855 811 3936; x_wconf 75' lang='grc' dir='ltr'><strong><em>λέγω</em></strong></span> <span class='ocrx_word' id='word_1_315' title='bbox 872 3846 910 3917; x_wconf 83' lang='grc' dir='ltr'>ὃ</span> <span class='ocrx_word' id='word_1_316' title='bbox 969 3848 1054 3920; x_wconf 74' lang='grc' dir='ltr'><strong>ἂν</strong></span> <span class='ocrx_word' id='word_1_317' title='bbox 1105 3850 1276 3918; x_wconf 77' lang='grc' dir='ltr'><strong>κατόι</strong></span> <span class='ocrx_word' id='word_1_318' title='bbox 1321 3850 1572 3930; x_wconf 79' lang='grc' dir='ltr'><strong><em>παντός</em></strong></span> <span class='ocrx_word' id='word_1_319' title='bbox 1613 3876 1684 3918; x_wconf 82' lang='grc' dir='ltr'><strong>τε</strong></span> <span class='ocrx_word' id='word_1_320' title='bbox 1727 3848 1983 3943; x_wconf 73' lang='grc' dir='ltr'><em>ὑπάρχῃ</em></span> <span class='ocrx_word' id='word_1_321' title='bbox 2028 3857 2157 3918; x_wconf 70' lang='grc' dir='ltr'><strong><em>καὶ·</em></strong></span> <span class='ocrx_word' id='word_1_322' title='bbox 2182 3851 2350 3918; x_wconf 84' lang='grc' dir='ltr'><strong><em>καθ’</em></strong></span> <span class='ocrx_word' id='word_1_323' title='bbox 2391 3851 2558 3917; x_wconf 72' lang='grc' dir='ltr'><strong><em>αὑτὰ</em></strong></span> 
     </span>
     <span class='ocr_line' id='line_1_36' title="bbox 342 3946 2558 4047; baseline 0 -27"><span class='ocrx_word' id='word_1_324' title='bbox 342 3958 457 4021; x_wconf 82' lang='grc' dir='ltr'><strong>καὶ</strong></span> <span class='ocrx_word' id='word_1_325' title='bbox 498 3946 538 4047; x_wconf 78' lang='grc' dir='ltr'><strong><em>ᾖ</em></strong></span> <span class='ocrx_word' id='word_1_326' title='bbox 584 3952 766 4034; x_wconf 74' lang='grc' dir='ltr'><strong><em>αὐτό,</em></strong></span> <span class='ocrx_word' id='word_1_327' title='bbox 812 3956 891 4022; x_wconf 81' lang='lat' dir='ltr'><strong>cf.</strong></span> <span class='ocrx_word' id='word_1_328' title='bbox 938 3976 1098 4042; x_wconf 82' lang='lat' dir='ltr'><strong>quae</strong></span> <span class='ocrx_word' id='word_1_329' title='bbox 1148 3957 1412 4045; x_wconf 85' lang='lat' dir='ltr'><strong>collegit</strong></span> <span class='ocrx_word' id='word_1_330' title='bbox 1439 3960 1669 4022; x_wconf 86' lang='lat' dir='ltr'><strong>Waitz</strong></span> <span class='ocrx_word' id='word_1_331' title='bbox 1700 3958 1862 4045; x_wconf 84' lang='lat' dir='ltr'><strong>Org.</strong></span> <span class='ocrx_word' id='word_1_332' title='bbox 1909 3959 1955 4022; x_wconf 92' lang='lat'><strong>1.</strong></span> <span class='ocrx_word' id='word_1_333' title='bbox 2007 3960 2131 4023; x_wconf 45' lang='lat' dir='ltr'><strong>17a‘</strong></span> <span class='ocrx_word' id='word_1_334' title='bbox 2164 3960 2270 4024; x_wconf 72' lang='grc'><strong>39.</strong></span> <span class='ocrx_word' id='word_1_335' title='bbox 2352 3956 2558 4042; x_wconf 81' lang='lat' dir='ltr'><strong>Quid-</strong></span> 
     </span>
     <span class='ocr_line' id='line_1_37' title="bbox 344 4058 2556 4148; baseline 0.003 -25"><span class='ocrx_word' id='word_1_336' title='bbox 344 4058 496 4146; x_wconf 86' lang='lat' dir='ltr'><strong>quid</strong></span> <span class='ocrx_word' id='word_1_337' title='bbox 543 4063 737 4148; x_wconf 79' lang='lat' dir='ltr'><strong>igitur</strong></span> <span class='ocrx_word' id='word_1_338' title='bbox 782 4060 865 4125; x_wconf 88' lang='lat' dir='ltr'><strong>de</strong></span> <span class='ocrx_word' id='word_1_339' title='bbox 909 4060 1117 4146; x_wconf 87' lang='lat' dir='ltr'><strong>aliqua</strong></span> <span class='ocrx_word' id='word_1_340' title='bbox 1161 4066 1433 4127; x_wconf 89' lang='lat' dir='ltr'><strong>notione</strong></span> <span class='ocrx_word' id='word_1_341' title='bbox 1489 4064 1578 4126; x_wconf 87' lang='lat' dir='ltr'><strong>ita</strong></span> <span class='ocrx_word' id='word_1_342' title='bbox 1630 4061 2067 4147; x_wconf 80' lang='lat' dir='ltr'><strong>praedicatur,</strong></span> <span class='ocrx_word' id='word_1_343' title='bbox 2123 4071 2194 4126; x_wconf 91' lang='lat' dir='ltr'><strong>ut</strong></span> <span class='ocrx_word' id='word_1_344' title='bbox 2250 4082 2383 4126; x_wconf 91' lang='lat' dir='ltr'><strong>non</strong></span> <span class='ocrx_word' id='word_1_345' title='bbox 2442 4063 2556 4129; x_wconf 70' lang='lat' dir='ltr'><strong>uni</strong></span> 
     </span>
     <span class='ocr_line' id='line_1_38' title="bbox 344 4163 2557 4253; baseline 0 -26"><span class='ocrx_word' id='word_1_346' title='bbox 344 4163 451 4228; x_wconf 77' lang='lat' dir='ltr'><strong>vel</strong></span> <span class='ocrx_word' id='word_1_347' title='bbox 480 4163 856 4249; x_wconf 84' lang='lat' dir='ltr'><strong>quibusdam</strong></span> <span class='ocrx_word' id='word_1_348' title='bbox 886 4164 1094 4242; x_wconf 84' lang='lat' dir='ltr'><strong>rebus,</strong></span> <span class='ocrx_word' id='word_1_349' title='bbox 1141 4184 1297 4250; x_wconf 83' lang='lat' dir='ltr'><strong>quas</strong></span> <span class='ocrx_word' id='word_1_350' title='bbox 1336 4164 1446 4229; x_wconf 90' lang='lat' dir='ltr'><strong>illa</strong></span> <span class='ocrx_word' id='word_1_351' title='bbox 1480 4165 1927 4253; x_wconf 78' lang='lat' dir='ltr'><strong>complectitur</strong></span> <span class='ocrx_word' id='word_1_352' title='bbox 1957 4170 2159 4243; x_wconf 88' lang='lat' dir='ltr'><strong>notio,</strong></span> <span class='ocrx_word' id='word_1_353' title='bbox 2206 4164 2321 4229; x_wconf 89' lang='lat' dir='ltr'><strong>sed</strong></span> <span class='ocrx_word' id='word_1_354' title='bbox 2358 4168 2557 4228; x_wconf 84' lang='lat' dir='ltr'><strong>omni-</strong></span> 
     </span>
     <span class='ocr_line' id='line_1_39' title="bbox 340 4265 2556 4353; baseline 0 -21"><span class='ocrx_word' id='word_1_355' title='bbox 340 4266 463 4333; x_wconf 83' lang='lat' dir='ltr'><strong>bns</strong></span> <span class='ocrx_word' id='word_1_356' title='bbox 503 4271 749 4353; x_wconf 82' lang='lat' dir='ltr'><strong>pariter</strong></span> <span class='ocrx_word' id='word_1_357' title='bbox 781 4268 1184 4334; x_wconf 83' lang='lat' dir='ltr'><strong>tribuendum</strong></span> <span class='ocrx_word' id='word_1_358' title='bbox 1221 4290 1363 4335; x_wconf 86' lang='lat' dir='ltr'><strong>esse</strong></span> <span class='ocrx_word' id='word_1_359' title='bbox 1397 4281 1744 4347; x_wconf 80' lang='lat' dir='ltr'><strong>censeatur,</strong></span> <span class='ocrx_word' id='word_1_360' title='bbox 1786 4270 1856 4334; x_wconf 83' lang='lat' dir='ltr'><strong>id</strong></span> <span class='ocrx_word' id='word_1_361' title='bbox 1887 4280 1984 4335; x_wconf 88' lang='lat' dir='ltr'><strong>est</strong></span> <span class='ocrx_word' id='word_1_362' title='bbox 2013 4265 2336 4334; x_wconf 86' lang='grc' dir='ltr'><strong><em>καθόλου.</em></strong></span> <span class='ocrx_word' id='word_1_363' title='bbox 2395 4267 2556 4333; x_wconf 84' lang='lat' dir='ltr'><strong>Inde</strong></span> 
     </span>
     <span class='ocr_line' id='line_1_40' title="bbox 341 4368 2549 4460; baseline 0.001 -24"><span class='ocrx_word' id='word_1_364' title='bbox 341 4370 421 4436; x_wconf 68' lang='lat' dir='ltr'><strong>fit</strong></span> <span class='ocrx_word' id='word_1_365' title='bbox 464 4382 555 4451; x_wconf 92' lang='lat' dir='ltr'><strong>ut,</strong></span> <span class='ocrx_word' id='word_1_366' title='bbox 605 4372 928 4460; x_wconf 82' lang='lat' dir='ltr'><strong>quidquid·</strong></span> <span class='ocrx_word' id='word_1_367' title='bbox 953 4383 1049 4438; x_wconf 89' lang='lat' dir='ltr'><strong>est</strong></span> <span class='ocrx_word' id='word_1_368' title='bbox 1091 4376 1295 4457; x_wconf 78' lang='grc' dir='ltr'><strong>γένος,</strong></span> <span class='ocrx_word' id='word_1_369' title='bbox 1341 4373 1508 4439; x_wconf 88' lang='lat' dir='ltr'><strong>idem</strong></span> <span class='ocrx_word' id='word_1_370' title='bbox 1560 4378 1918 4443; x_wconf 81' lang='lat' dir='ltr'><strong>necessario</strong></span> <span class='ocrx_word' id='word_1_371' title='bbox 1966 4378 2047 4439; x_wconf 85' lang='lat' dir='ltr'><strong>sit</strong></span> <span class='ocrx_word' id='word_1_372' title='bbox 2089 4370 2426 4449; x_wconf 84' lang='grc' dir='ltr'><strong><em>καθόλου,</em></strong></span> <span class='ocrx_word' id='word_1_373' title='bbox 2474 4368 2549 4438; x_wconf 80' lang='lat' dir='ltr'><strong>ci.</strong></span> 
     </span>
    </p>
   </div>
  </div>
 </body>
</html>
