3043 4973
518 223 659 299 166
1336 227 1410 298 B
1457 223 1527 297 5.
1608 221 1879 300 1002‘1».
1943 249 1946 254 >

511 402 825 491 gitatione
853 398 1002 466 addi
1030 399 1237 466 iubet:
1280 402 1414 466 τῶν
1450 397 1767 488 ἀρώμῶν
1801 422 1870 466 τε
1908 401 2022 468 καὶ
2055 402 2188 467 τῶν
2222 401 2548 486 μεγεθῶν,
2588 422 2717 467 ma-

511 506 748 571 nifesto
791 505 1015 571 horum
1050 504 1393 571 verborum
1427 508 1806 570 sententiam
1845 507 2171 591 pervertit.
2237 504 2415 571 Nihil
2452 509 2716 572 omnino

516 620 615 677 est
668 609 1127 697 supplendum,
1181 607 1296 674 sed
1338 606 1382 689 ἡ
1424 602 1597 688 αὐτὴ
1642 603 1839 698 φύσις
1880 614 2117 697 pariter
2168 619 2357 695 atque
2400 605 2444 689 ἡ
2488 603 2717 675 ἀνισό-

513 737 633 795 της
684 712 1117 800 praedicantum
1176 724 1273 779 est
1326 712 1596 778 subiecti
1637 707 1715 778 τὸ
1759 706 1852 797 μὴ
1897 718 1984 780 ἕν.
2072 713 2353 801 Intelligi
2396 734 2530 778 non
2574 723 2717 800 pot·

516 827 629 897 est,
673 816 1001 903 quomodo
1046 839 1221 882 nunc
1259 820 1504 882 numeri
1546 839 1720 884 nunc
1765 829 2058 884 extensae
2102 814 2569 905 magnitudines
2617 839 2717 883 ex-

515 923 766 998 sistant,
824 943 1012 1005 quum
1056 919 1219 985 illud
1259 943 1586 1000 non-ens,
1643 921 1820 1009 quod
1874 921 2206 988 materiale
2244 931 2496 1009 ponunt
2547 924 2717 1007 prin·

514 1027 762 1112 cipinm,
806 1025 957 1091 licet
996 1025 1262 1091 diversis
1299 1025 1660 1112 appelletur
1696 1027 2079 1105 nominibus,
2120 1020 2291 1091 πολὺ
2321 1027 2437 1092 καὶ
2472 1022 2719 1109 ὀλίγον,

509 1132 680 1217 μέγα
713 1130 827 1195 καὶ
857 1125 1092 1218 μικρόν
1128 1140 1266 1209 etc„
1303 1129 1525 1196 eadem
1561 1141 1771 1197 tamen
1804 1128 2273 1217 inaequalitatis
2306 1141 2532 1197 natura
2566 1151 2717 1197 con·

512 1235 806 1301 tineatur.

1424 1385 1654 1463 CAP.
1718 1390 1809 1463 V.

791 1531 1106 1609 Quamne
1151 1532 1552 1598 duodecima.
1647 1532 1849 1597 lomb
1885 1531 1973 1596 26
1995 1570 2082 1581 —
2107 1532 2309 1597 100211
2348 1534 2451 1598 11.

642 1652 777 1717 Res
811 1651 1303 1732 mathematicae,
1339 1650 1550 1719 solida
1585 1650 1958 1740 superficies
1990 1650 2201 1717 lineae
2237 1661 2490 1737 puncta,
2526 1673 2717 1739 quae·

510 1756 672 1822 titur
713 1765 921 1821 utrum
949 1776 1073 1843 pro
1104 1756 1474 1822 substantiis
1503 1755 1837 1823 habendae
1867 1758 1997 1821 sint
2024 1775 2259 1831 necne3
2300 1778 2484 1843 quam
2526 1779 2717 1844 quae-

511 1862 782 1926 stionem
820 1863 1222 1926 coniunctam
1260 1882 1400 1926 esse
1436 1860 1591 1926 dicit
1625 1882 1765 1926 cum
1808 1862 2157 1947 superiore,
2201 1855 2451 1925 τούτων
2481 1857 2539 1925 δ’
2572 1865 2717 1945 ἑχο-

509 1967 673 2048 μένη
712 1966 859 2044 ὁ26,
904 1964 1012 2029 vel
1048 1965 1224 2050 quod
1262 1964 1395 2030 illic
1429 1968 1741 2052 quaesivit
1775 1963 2102 2051 quomodo
2138 1984 2214 2029 ex
2246 1966 2562 2051 principio
2596 1966 2718 2031 τοῦ

510 2061 661 2162 sycis·
695 2065 925 2132 deduci
957 2072 1207 2155 possint
1237 2091 1339 2134 res
1374 2071 1820 2157 geometricae,
1854 2069 1959 2134 vel
1994 2067 2167 2155 quod
2203 2066 2553 2133 eorundem
2581 2068 2718 2154 phi-

508 2168 931 2255 losophorum
974 2172 1207 2258 placita
1252 2176 1506 2258 utrique
1549 2174 1910 2258 quaestioni
1951 2171 2165 2237 locum
2213 2171 2543 2237 dederunt.
2619 2172 2717 2236 Ac

508 2276 775 2360 primum
823 2275 1076 2362 quidem
1122 2274 1298 2362 quod
1341 2297 1445 2340 res
1487 2276 1951 2343 mathematicas
1982 2298 2123 2343 esse
2152 2276 2535 2343 substantias
2565 2297 2717 2341 con-

507 2375 736 2456 firmat,
787 2381 1247 2464 b2s-1002a'
1280 2383 1379 2458 14,
1428 2382 1715 2446 rationes
1757 2384 1991 2466 repetit
2036 2402 2072 2446 e
2116 2390 2340 2447 natura
2386 2383 2504 2462 τῆς
2544 2371 2715 2445 κατὰ

509 2473 630 2548 τὸν
672 2477 876 2570 λόγον
917 2485 1030 2552 καὶ
1073 2478 1151 2551 τὸ
1196 2479 1367 2563 εἶδος
1412 2481 1662 2563 οὐσίας.
1750 2485 2060 2551 Nimirum
2104 2489 2160 2550 si
2205 2508 2242 2550 a
2284 2484 2475 2552 rebus
2520 2488 2716 2553 sensi-

508 2585 742 2654 bilibus
783 2611 858 2655 ea
894 2591 1411 2677 separaverimus,
1455 2611 1620 2677 quae
1655 2589 1993 2655 manifesto
2035 2588 2384 2655 accidentia
2422 2599 2573 2654 sunt
2606 2612 2719 2657 ne·

510 2714 635 2779 que
679 2694 981 2760 affectare
1027 2698 1287 2761 omnino
1340 2704 1613 2781 possunt
1667 2693 2061 2760 substantiae
2117 2693 2520 2783 dignitatem,
2577 2696 2718 2780 ipsa

508 2808 795 2863 remanet
836 2797 1209 2887 magnitudo
1257 2810 1545 2878 extensa,
1601 2821 1835 2886 corpus
1887 2801 2419 2876 mathematicum,
2475 2800 2541 2862 in
2577 2818 2716 2883 quo

509 2902 707 2965 insint
753 2912 818 2966 et
862 2901 943 2966 de
988 2922 1115 2989 quo
1160 2901 1612 2988 praedicentur
1655 2901 2024 2968 accidentia.
2099 2905 2294 2990 Atqui
2336 2910 2567 2989 corpus
2609 2900 2718 2969 de-

507 3002 730 3070 finitur
773 3003 1009 3090 planis,
1054 3005 1242 3091 plana
1288 3004 1504 3084 lineiS,
1549 3005 1719 3071 linea
1762 3011 2045 3095 punctis,
2099 3018 2165 3073 et
2210 3030 2311 3087 ea,
2355 3028 2517 3092 quae
2561 3004 2715 3092 quid
2747 3043 2751 3047 -

510 3106 840 3187 definiunt,
883 3112 1136 3197 potiora
1182 3120 1332 3174 sunt
1373 3108 1684 3196 dignitate
1726 3123 1792 3174 et
1829 3123 2052 3178 natura
2091 3109 2489 3177 substantiali
2532 3132 2716 3195 quam

392 3199 400 3208 ’
511 3213 610 3293 id,
667 3212 842 3301 quod
901 3213 1236 3291 definitur;
1307 3233 1466 3302 ergo
1525 3235 1629 3279 res
1691 3216 2166 3282 mathematicae
2222 3215 2758 3303 simplicissimae

509 3339 798 3404 quaeque
857 3323 1122 3384 maxime
1185 3327 1333 3383 sunt
1388 3317 1723 3384 habendae
1777 3342 1901 3407 pro
1958 3320 2348 3386 substantiis.
2448 3318 2718 3385 Accedit

508 3420 684 3506 quod
742 3421 999 3508 planum
1058 3426 1198 3488 sine
1254 3442 1532 3508 corpore
1592 3445 1733 3488 esse
1789 3434 2033 3511 potest,
2100 3424 2267 3491 linea
2322 3427 2463 3489 sine
2518 3422 2713 3510 plano

508 3525 939 3612 (ἐνδέχεσθαι
985 3526 1028 3590 δ
1042 3534 1221 3591 οκεῖ
1262 3525 1416 3591 dicit
1462 3529 1673 3592 1002a
1708 3529 1768 3606 7,
1825 3531 1971 3614 quia
2029 3527 2362 3594 dialectice
2417 3526 2715 3613 disputat,

507 3649 643 3694 non
685 3628 1099 3716 distingnenS,
1144 3651 1268 3716 qua
1304 3632 1558 3695 ratione
1598 3634 1850 3717 possint
1890 3653 2030 3697 esse
2069 3637 2209 3697 sine
2241 3631 2384 3711 illis,
2421 3654 2543 3718 qua
2578 3634 2716 3705 non

508 3735 821 3818 possint);
861 3736 1035 3819 atqui
1072 3735 1126 3797 si
1155 3755 1281 3820 qua
1310 3744 1582 3820 possunt
1610 3756 1752 3800 esse
1781 3739 1919 3802 sine
1949 3736 2104 3814 aliis,
2138 3736 2249 3800 illa
2278 3739 2496 3823 potius
2526 3744 2714 3822 quam'

506 3835 669 3901 haec
708 3858 826 3923 pro
873 3835 1245 3902 substantiis
1279 3847 1430 3903 sunt
1462 3837 1774 3905 habenda.
1838 3841 2017 3907 Haec
2050 3850 2439 3930 argumenta,
2485 3839 2711 3925 quibus

506 3939 835 4005 habendas
881 3961 1022 4006 esse
1066 3962 1187 4027 pro
1227 3941 1597 4007 substantiis
1634 3963 1738 4008 res
1775 3945 2238 4010 mathematicas
2276 3943 2629 4021 confirmat,
2675 3964 2712 4007 e

505 4045 776 4109 notione
815 4055 881 4109 et
917 4066 955 4110 e
994 4045 1291 4111 rationali
1329 4057 1557 4114 natura
1597 4068 1812 4113 earum
1844 4053 2040 4135 petita
2081 4071 2222 4114 esse
2258 4060 2552 4137 apparet;
2595 4068 2714 4113 no-

456 4212 461 4217 .
507 4149 686 4213 tione
731 4149 926 4226 enim,
969 4169 1105 4214 non
1149 4171 1218 4214 re
1262 4173 1340 4215 ac
1380 4155 1670 4231 veritate,
1714 4151 1972 4238 planum
2017 4157 2157 4218 sine
2200 4174 2496 4240 corpore,
2540 4151 2711 4218 linea

508 4253 645 4316 sine
691 4250 888 4337 plano
934 4262 1156 4338 potest
1199 4275 1365 4333 esse,
1426 4275 1635 4339 neque
1693 4255 1917 4322 eadem
1970 4261 2240 4323 notione
2295 4260 2513 4345 priora
2561 4265 2713 4321 sunt

509 4365 577 4421 et
610 4377 702 4422 re.
766 4356 844 4421 cf.
877 4358 968 4421 M
987 4358 1052 4422 2.
1086 4358 1210 4424 107
1217 4360 1288 4424 Ίὺ
1314 4359 1575 4424 1-14.
1642 4359 1929 4427 Eandem
1974 4360 2452 4427 conclusionem
2494 4372 2567 4426 ut
2600 4364 2713 4425 im-
