3043 4973
1163 237 1241 309 A
1286 234 1357 309 6.
1406 209 1661 311 987⁶:
2409 238 2507 312 ss

294 403 544 471 ideales
587 405 708 471 sed
751 409 1019 495 impares
1061 431 1362 477 numeros
1404 412 1647 478 ideales
1690 410 1965 501 intelligi
2003 411 2158 479 vult.
2232 414 2317 480 Et
2351 414 2511 480 haec

296 510 556 597 quidem
589 512 913 577 Brundisii
959 512 1298 600 explicatio
1340 516 1519 581 nullo
1555 517 1751 582 modo
1786 517 2039 583 videtur
2073 539 2148 583 ex
2182 520 2334 604 ipsis
2371 517 2511 582 Ari-

295 616 553 680 stotelis
598 614 814 680 verbis
857 621 1064 702 repeti
1105 638 1330 704 posse3
1377 624 1610 685 etenim
1644 622 1891 707 πρῶτοι
1929 619 2367 707 accipiendum
2398 642 2511 687 ne·

298 723 580 785 cessario
630 730 728 784 est
770 730 882 784 aut
922 721 1363 787 mathematico
1408 744 1603 788 sensu
1646 733 1755 788 aut
1797 723 2047 812 logico,
2103 745 2239 789 non
2280 734 2510 811 potest,

296 845 464 908 quae
494 834 594 888 est
615 822 938 889 Brandisii
966 829 1295 904 sententia,
1328 836 1662 912 utrumque
1691 826 1874 892 simul
1905 826 2258 914 complecti.
2308 830 2511 894 Tren·

303 925 735 1015 delenburgio
770 936 980 994 autem
1016 938 1082 993 et
1111 928 1365 994 Zellero
1399 928 1468 994 id
1505 929 1757 1016 quidem
1788 952 1922 995 non
1950 941 2169 1016 potest
2194 953 2328 997 non
2359 952 2532 997 con-·

300 1030 460 1108 cedi,
505 1034 870 1117 saepissime
913 1031 1135 1120 logico
1174 1053 1370 1098 sensu
1416 1033 1589 1120 apud
1634 1034 2039 1099 Aristotelem
2085 1033 2167 1099 ad
2210 1056 2510 1101 numeros

300 1132 452 1198 addi
510 1134 889 1200 adiectivum
946 1136 1232 1220 πρῶτος,
1291 1145 1362 1201 ut
1417 1136 1658 1202 ideales
1702 1140 1945 1202 numeri
1991 1137 2431 1204 discernantur
2472 1160 2508 1203 a

298 1238 782 1317 mathematicis,
841 1240 919 1304 cf.
976 1234 1199 1325 πρώτη
1258 1235 1421 1317 δυάς
1472 1242 1563 1306 Μ
1600 1242 1660 1306 7.
1710 1243 1874 1307 1081
1936 1245 2201 1328 passim,
2255 1243 2513 1329 πρῶτος·

299 1338 601 1426 ἀριθμός
649 1345 854 1408 losla
888 1345 948 1420 4,
994 1365 1361 1429 quamquam
1406 1343 1574 1409 idem
1622 1343 1998 1409 adiectivum
2045 1349 2230 1411 etiam
2275 1345 2512 1410 mathe-

298 1446 576 1512 mathico
620 1468 816 1512 sensu
857 1457 1202 1533 usurpatur
1231 1450 1293 1511 Θ
1325 1451 1427 1513 10.
1462 1449 1671 1513 loma
1696 1450 1767 1525 ὃς
1813 1448 1927 1514 sed
1969 1452 2090 1516 nisi
2118 1469 2511 1537 magnopere

296 1548 491 1614 fallor
548 1573 667 1636 per
721 1553 1074 1615 sententiae
1125 1555 1437 1617 rationem
1483 1551 1623 1616 fieri
1671 1552 1849 1618 nullo
1896 1552 2090 1617 modo
2135 1562 2382 1638 potest,
2440 1561 2512 1618 ut

297 1654 553 1740 πρῶτοι
596 1652 885 1737 ἀριθμοί
926 1654 1054 1719 hoc
1095 1654 1248 1720 loco
1290 1654 1370 1720 de
1405 1654 1718 1721 idealibus
1752 1658 2028 1721 numeris
2061 1654 2508 1743 intelligamus.
2553 1727 2558 1733 ,

301 1758 556 1821 Etenim
589 1756 965 1822 Aristoteles
1011 1769 1345 1844 postquam
1395 1759 1615 1824 eadem
1662 1780 1871 1824 rerum
1918 1771 1983 1824 et
2023 1758 2306 1824 idearum
2341 1757 2513 1846 apud

301 1860 640 1926 Platonem
699 1881 841 1925 esse
897 1864 1208 1948 principia
1262 1861 1480 1927 retulit
1538 1873 1603 1927 et
1659 1851 1983 1949 quomodo
2034 1861 2219 1928 ideae
2267 1885 2342 1929 ex
2384 1862 2512 1928 illis

299 1968 633 2052 principiis
678 1966 1222 2053 progignerentur
1269 1969 1592 2052 exposuit,
1637 1963 1705 2044 ἐξ
1751 1967 2012 2031 ἐκείνων
2054 1960 2183 2050 γὰρ
2234 2004 2312 2019 -
2361 1960 2515 2043 τοὺς·

298 2064 642 2154 ἀριθμούς
677 2071 834 2148 ὂ21,
878 2073 999 2135 iam
1048 2092 1154 2135 eas
1200 2069 1388 2134 affert
1430 2072 1741 2147 rationes,
1779 2069 2010 2156 quibus
2056 2070 2387 2136 Platonem
2430 2068 2515 2136 ad

301 2172 465 2237 hanc
524 2175 905 2238 sententiam
963 2173 1289 2239 inductum
1346 2183 1544 2260 putet.
1633 2173 1853 2259 Quare
1911 2176 2152 2239 etiamsi
2196 2172 2381 2239 Plato
2438 2194 2515 2238 ex

300 2273 412 2339 illa
458 2275 680 2362 dyade
724 2281 938 2366 magni
984 2288 1052 2342 et
1092 2280 1273 2364 parvi
1313 2275 1559 2342 ideales
1599 2297 1900 2343 numeros
1936 2277 2043 2343 vel
2077 2281 2339 2344 omnino
2380 2298 2512 2343 uon

299 2378 631 2444 videretur
672 2384 1008 2467 repetiisse
1052 2381 1158 2446 vel
1202 2401 1335 2446 non
1381 2401 1621 2460 omnm,
1666 2380 1841 2467 quod
1884 2402 1968 2446 ne
2004 2403 2226 2447 verum
2261 2380 2512 2468 quidem

306 2504 447 2548 esse
477 2488 622 2570 ipse
653 2484 939 2550 Zellerus
987 2484 1208 2552 docuit
1250 2484 1291 2550 l.
1323 2484 1384 2565 l.‚
1429 2485 1556 2552 hoc
1598 2498 1809 2551 tamen
1853 2483 2003 2550 loco
2051 2497 2118 2551 et
2158 2490 2225 2551 in
2262 2485 2382 2551 hac
2418 2506 2516 2550 ar-

300 2587 717 2675 gumentandi
761 2592 1008 2654 ratione
1055 2588 1431 2655 Aristoteles
1491 2590 1786 2677 profecto
1845 2589 2060 2654 dicere
2101 2611 2240 2655 non
2279 2600 2514 2675 potest,

298 2703 648 2779 propterea
705 2691 1037 2757 Platonem
1095 2692 1261 2757 hanc
1318 2692 1596 2778 dyadem
1649 2714 1773 2780 pro
1829 2691 2140 2757 materiali
2193 2695 2512 2779 principio

300 2817 492 2880 quum
538 2818 748 2861 rerum
795 2807 925 2862 tum
971 2796 1254 2862 idearum
1298 2799 1610 2876 statuisse,
1655 2794 1827 2882 quod
1874 2817 1948 2861 ex
1991 2818 2067 2862 ea
2107 2797 2297 2862 facile
2332 2819 2517 2883 repe-

300 2910 516 2965 tantur
569 2899 812 2986 reliqua
871 2903 1113 2979 omnia,
1166 2911 1422 2986 praeter
1466 2921 1570 2978 ea,
1631 2920 1793 2985 quae
1837 2904 2294 2985 quummaxime
2337 2912 2517 2967 erant

303 3003 679 3089 repetenda,
725 3024 1026 3070 numeros
1062 3002 1323 3069 idealcs.
1398 3005 1544 3069 Hoc
1588 3014 1755 3069 esset
1797 3003 2239 3092 redarguentis
2280 3004 2514 3090 placita
2625 3017 2634 3021 ’

306 3105 662 3185 Platonica,
692 3107 865 3194 quod
888 3107 1265 3174 Aristoteles
1295 3118 1524 3195 postea
1556 3108 1805 3173 demum
1833 3111 2107 3174 instituit
2133 3110 2302 3175 9880
2328 3111 2514 3187 1-7,

303 3232 441 3276 non
491 3210 882 3296 explicantis.
946 3213 1062 3277 His
1104 3211 1461 3277 rationibus
1505 3211 1815 3278 adductus
1853 3212 2064 3278 facere
2091 3232 2225 3277 non
2257 3233 2514 3298 possum

302 3317 458 3399 quin
494 3327 712 3400 spreta
749 3319 1125 3380 auctoritate
1165 3315 1687 3393 doctissimorum,
1727 3318 1835 3400 qui
1870 3337 2043 3380 nunc
2076 3324 2240 3393 sunt,
2272 3316 2515 3380 Aristo·

304 3417 449 3482 telis
495 3421 914 3505 interpretum
961 3418 1041 3484 ad
1089 3418 1432 3489 Alexandri
1476 3419 1961 3506 explicationem
2005 3419 2280 3485 redeam.
2360 3420 2518 3485 Pro-

302 3531 554 3608 pterea,
613 3525 703 3587 ait
747 3526 942 3611 igitur
985 3523 1393 3602 Aristotelea,
1449 3543 1571 3610 pro
1624 3522 1929 3588 materiali
1970 3526 2282 3611 principio
2325 3521 2515 3589 Plato

304 3624 584 3710 dyadem
629 3622 887 3692 videtur‘
924 3630 1233 3714 posuisse,
1279 3629 1424 3712 quia
1468 3630 1745 3707 numeri,
1792 3650 2060 3714 quorum
2106 3627 2187 3692 ad
2232 3637 2517 3692 naturam

305 3728 410 3793 vel
456 3729 929 3795 similitudinem
976 3730 1152 3796 ideas
1195 3752 1341 3797 suas
1372 3731 1732 3818 redegerat,
1774 3752 2062 3821 magnam
2092 3741 2331 3818 partem
2362 3729 2516 3815 dya-

306 3831 403 3898 dis
450 3854 582 3919 ope
625 3838 1119 3923 progignuntur,
1167 3838 1446 3920 exceptis
1489 3838 1777 3901 nimirum
1825 3838 2103 3901 numeris
2149 3832 2253 3898 vel
2291 3832 2517 3899 indivi-

303 3935 604 4001 sibilibus
648 3937 755 4003 vel
800 3942 1062 4004 omnino
1106 3937 1470 4024 imparibus.
1562 3941 1773 4025 Atque
1831 3960 1967 4003 eam
2019 3941 2328 4004 rationem
2376 3937 2517 4002 Pla-

305 4044 442 4105 toni
487 4038 807 4105 subiicere
853 4063 932 4106 eo
980 4045 1181 4131 magis
1227 4051 1484 4128 poterat
1513 4042 1911 4122 Aristoteles,
1956 4046 2099 4129 quia
2132 4042 2317 4107 Plato
2363 4062 2517 4106 sane

302 4143 558 4223 alicubi,
603 4147 807 4211 Parm.
838 4169 900 4231 p.
939 4149 1130 4225 144a,
1177 4168 1253 4213 ex
1297 4149 1541 4211 unitate
1586 4156 1651 4211 et
1695 4146 1926 4233 dyade,
1977 4149 2259 4233 quamvis
2296 4146 2414 4210 hac
2453 4154 2521 4210 et

301 4251 443 4334 ipsa
485 4251 763 4334 repetita
809 4271 884 4314 ex
929 4253 1200 4328 unitate,
1248 4271 1469 4316 omnes
1512 4251 1847 4338 progignit
1888 4272 2214 4330 numeroS,
2261 4253 2518 4336 quicun-

298 4374 427 4439 que
482 4364 637 4419 sunt
691 4346 890 4442 ἄρτια
941 4349 1239 4442 ἀρτιάκις
1279 4356 1392 4425 καὶ
1436 4375 1708 4443 napata
1751 4349 2121 4442 περιττάκις
2163 4355 2276 4420 καὶ
2320 4346 2517 4440 ἄρτια
