3043 4973
544 232 685 308 176
1368 233 1442 310 Γ
1478 229 1550 306 2.
1632 229 1818 308 1003
1835 230 1898 306 b.

537 410 814 495 θρωπος
847 401 1227 496 ἄνθρωπος,
1262 407 1454 474 habet
1482 430 1596 474 cur
1622 403 2048 495 praeferenda
2074 406 2383 476 videatur.
2441 407 2528 474 Et
2561 406 2737 496 quod

535 517 606 580 in
649 512 979 578 codicibus
1021 511 1304 599 plurimis
1346 511 1698 578 exhibetur:
1743 514 1918 578 ἔστιν
1961 509 1998 579 ὁ
2046 504 2424 598 ἅνθρωπος,
2466 514 2580 579 καὶ
2615 506 2736 580 ἄν·

536 620 833 705 θρωπος,
875 618 989 682 καὶ
1033 610 1124 693 εἷς
1167 612 1536 702 ἅνθρωπος
1570 617 1843 681 fortasse
1883 638 1958 681 ex
1991 614 2177 682 simili
2214 626 2419 681 ortum
2457 628 2555 681 est
2587 620 2737 681 scri-

536 731 721 809 ptura
780 723 1083 808 genuina:
1142 721 1316 785 ἕστιν
1370 717 1407 786 ὁ
1454 714 1817 806 ἅνθρωπος
1862 712 2227 806 ἄνθρωπος
2268 722 2380 785 καὶ
2426 717 2517 798 εἷς
2559 723 2737 787 ἐστὶν

535 820 957 911 ἄνθρωπος.)
986 861 1076 874 --
1102 824 1392 888 Proxima
1429 823 1644 902 verba,
1681 824 1887 904 δῆλον
1924 820 1984 890 δ’
2024 818 2125 890 ὅτι
2166 820 2247 888 οὐ
2275 823 2617 910 χωρίζεται
2652 862 2731 876 -

497 979 501 984 -
537 931 655 995 τοῦ
697 922 844 1005 ἑνός
879 930 1024 1007 ῠ29,
1053 929 1158 1006 30,
1202 927 1354 1014 quid
1398 927 1765 1016 significent
1808 928 2078 993 divinari
2120 926 2316 992 modo
2361 926 2512 993 licet
2550 950 2625 993 ex
2655 930 2734 996 iis

535 1054 698 1119 quae
742 1032 1128 1098 antecedunt
1174 1043 1237 1099 et
1280 1031 1776 1118 subsequuntur,
1831 1035 1969 1120 ipsa
2028 1034 2194 1098 enim
2243 1054 2359 1119 per
2401 1053 2474 1097 se
2519 1031 2736 1097 admo-

535 1137 683 1203 dum
730 1136 998 1202 obscure
1043 1146 1191 1204 sunt
1234 1136 1419 1201 dicta.
1503 1135 1779 1202 Videtur
1821 1148 2028 1202 autem
2080 1137 2208 1202 hoc
2243 1134 2484 1202 dicere:
2527 1157 2734 1222 neque

533 1244 603 1307 in
644 1244 1061 1331 generatione
1098 1262 1307 1326 neque
1343 1243 1410 1304 in
1448 1244 1863 1328 corruptione
1892 1243 2246 1329 seiungitur
2276 1243 2587 1306 essentiae
2614 1261 2734 1305 no-

537 1349 628 1413 tio
676 1345 754 1410 ab
800 1347 1058 1423 unitate,
1111 1356 1177 1410 et
1220 1343 1504 1412 similiter
1549 1349 1804 1412 unitatis
1847 1348 2030 1412 notio
2077 1366 2209 1410 non
2254 1334 2606 1433 seiungitur
2648 1344 2729 1416 ab

536 1452 828 1515 essentia.
912 1447 1096 1513 Talia
1139 1449 1548 1516 Aristotelem
1592 1449 1873 1515 voluisse
1920 1448 2150 1529 dicere,
2194 1449 2344 1514 inde
2389 1451 2731 1536 praecipue

534 1562 828 1641 apparet,
887 1551 1060 1639 quod
1118 1554 1417 1640 proximis
1475 1553 1686 1622 verbis
1746 1551 2093 1633 concludit,
2152 1553 2367 1619 addita
2413 1552 2609 1618 altera
2655 1574 2732 1620 ex

534 1660 630 1723 his
675 1656 1048 1726 notionibus
1093 1657 1250 1724 nihil
1292 1659 1447 1726 novi
1486 1656 1809 1730 accedere.
1845 1696 1926 1710 -
1972 1658 2361 1724 Affinitatem
2398 1660 2731 1726 notionum

531 1764 653 1829 τοῦ
699 1756 890 1838 ὄντος
934 1770 1002 1828 et
1043 1762 1162 1826 τοῦ
1195 1756 1341 1839 ἑνός
1378 1761 1613 1830 deinde
1655 1761 2001 1840 confirmat,
2040 1764 2168 1829 1232
2212 1764 2306 1828 ἔτι
2349 1759 2407 1827 δ’
2447 1757 2490 1843 ἡ
2529 1799 2609 1813 -
2642 1763 2729 1830 33

534 1860 614 1933 ὄν
657 1891 749 1945 τι,
792 1864 1075 1932 adhibita
1119 1863 1203 1930 ad
1257 1869 1867 1954 argumentationem
1911 1865 2276 1932 substantia.
2368 1867 2473 1931 De
2517 1868 2733 1954 singu-

531 1969 731 2035 larum
789 1990 995 2035 rerum
1054 1968 1403 2034 substantia
1460 1970 1860 2056 praedicatur
1918 1982 1983 2036 et
2029 1963 2106 2036 τὸ
2151 1975 2220 2036 ἔν
2267 1981 2333 2036 et
2373 1966 2452 2035 τὸ
2497 1963 2610 2048 ὅν,
2663 1980 2732 2040 et

531 2084 868 2159 utrumque
914 2073 1163 2160 quidem
1210 2077 1327 2151 ita,
1371 2084 1443 2138 ut
1486 2096 1621 2140 non
1664 2097 1782 2162 per
1827 2075 2148 2154 accidens,
2193 2074 2308 2140 sed
2353 2084 2576 2160 suapte
2623 2096 2731 2142 na·

531 2189 672 2245 tura
716 2177 1103 2244 substantiae
1147 2177 1474 2243 tribuatur.
1546 2179 1773 2245 Omnis
1810 2184 1904 2245 vis
1943 2179 2421 2268 argumentandi
2459 2183 2626 2243 inest
2660 2181 2730 2243 in

530 2281 744 2347 verbis
801 2282 923 2348 sibi
976 2286 1245 2350 invicem
1290 2281 1824 2370 respondentibus
1871 2281 1951 2350 οὐ
1992 2276 2161 2349 κατὰ
2207 2277 2620 2367 συμβεβηκός
2665 2291 2730 2348 et

531 2382 710 2474 ὅπερ.
778 2388 1029 2455 Etenim
1074 2390 1130 2452 si
1173 2409 1290 2473 per
1328 2387 1622 2452 accidens
1662 2386 1825 2452 duae
1860 2390 2159 2454 notiones
2190 2386 2271 2451 de
2303 2386 2521 2452 eadem
2551 2408 2732 2473 prae-

533 2492 855 2573 dicantur,
907 2492 1066 2558 nihil
1121 2493 1270 2558 inde
1328 2491 1626 2557 concludi
1680 2503 1897 2578 potest
1954 2492 2034 2558 de
2089 2491 2337 2557 illarum
2393 2496 2726 2559 notionum

531 2598 969 2674 cohaerentia3
1012 2597 1212 2662 veluti
1255 2601 1310 2663 si
1344 2596 1425 2662 de
1469 2598 1728 2661 homine
1766 2596 2166 2684 praedicatur
2201 2591 2429 2663 λευκόν
2466 2607 2532 2661 et
2565 2619 2728 2681 μου·

531 2695 735 2779 σικόν,
776 2723 912 2768 non
958 2713 1175 2789 potest
1216 2701 1368 2767 inde
1416 2701 1586 2766 effici
1631 2712 1702 2766 ut
1745 2694 1821 2767 τὸ
1866 2697 2181 2785 μουσικόν
2218 2701 2384 2767 idem
2423 2698 2505 2766 sit
2542 2723 2616 2765 ac
2650 2695 2725 2769 τὸ

529 2800 757 2872 λευκόν
799 2806 904 2871 vel
943 2810 1082 2871 vice
1111 2829 1324 2882 versa3
1369 2817 1435 2870 at
1462 2815 1638 2869 recte
1667 2808 1752 2869 ita
1787 2804 2202 2882 concluditur,
2247 2809 2298 2870 si
2329 2805 2729 2892 praedicatur

529 2905 611 2972 de
658 2907 867 2993 aliqua
909 2932 981 2975 re
1022 2931 1157 2976 non
1193 2908 1367 2995 quod
1409 2912 1469 2972 ei
1509 2906 1769 2987 accidat,
1813 2908 1926 2974 sed
1963 2909 2137 2997 quod
2171 2913 2238 2972 in
2272 2913 2406 2974 eius
2440 2909 2729 2974 substan·

527 3013 616 3076 tia
658 3013 825 3077 insit.
918 3014 1003 3079 Et
1058 3015 1183 3079 boc
1239 3011 1491 3099 quidem
1550 3011 1943 3099 significatur
1990 3034 2105 3099 per
2145 3033 2504 3098 pronomen
2549 3007 2727 3099 ὅπερ,

527 3118 705 3181 cuius
749 3138 929 3183 usum
974 3117 1446 3184 Aristotelicum
1503 3127 1679 3181 recte
1724 3115 1995 3203 explicat
2036 3115 2394 3182 Alexander
2436 3114 2519 3180 ad
2556 3118 2724 3203 Top.

525 3221 617 3287 111
649 3224 708 3287 1.
739 3223 906 3288 2731»
933 3226 1043 3289 14:
1088 3218 1167 3289 τό
1220 3216 1466 3307 «ὅπερ»
1518 3217 1699 3304 αὐτῷ
1741 3222 1862 3286 τοῦ
1902 3222 2135 3305 κυρίως
2178 3222 2317 3291 ἐστὶ
2354 3214 2727 3301 δηλωτικόν,

525 3327 639 3390 καὶ
683 3315 736 3409 ᾦ
780 3321 867 3392 ἂν
908 3330 1250 3420 προστεθῇ
1288 3321 1364 3392 τὸ
1396 3322 1555 3411 ὅπερ
1585 3320 1663 3390 τὸ
1693 3327 1923 3412 κυρίως
1951 3329 2157 3391 ἐκεῖνο
2199 3319 2365 3390 εἶναι
2404 3327 2725 3409 σημαίνει,

528 3425 674 3495 οἷον
720 3424 880 3514 ὅπερ
924 3425 1288 3517 ἄνθρωπος
1331 3427 1367 3496 ὁ
1413 3432 1646 3516 κυρίως
1685 3424 2047 3514 ἅνθρωπος
2080 3430 2213 3493 κτλ.
2282 3428 2577 3497 Excludit
2607 3432 2727 3517 igi-

526 3543 631 3597 tur
673 3553 1030 3618 pronomen
1076 3529 1235 3618 ὅπερ
1281 3555 1694 3619 quaecunque
1737 3535 1833 3597 rei
1885 3531 2193 3610 accidunt,
2234 3532 2503 3599 includit
2538 3536 2723 3598 unice

528 3658 604 3701 ea
649 3659 812 3723 quae
855 3640 924 3702 in
965 3636 1334 3716 substantia,
1377 3641 1449 3701 ἐν
1492 3640 1586 3720 τῷ
1628 3638 1695 3701 τί
1738 3641 1913 3701 ἐστιν
1960 3639 2114 3714 eius,
2154 3638 2386 3701 insunt.
2455 3637 2723 3717 (Waitz

526 3740 608 3808 ad
641 3741 798 3830 Org.
844 3765 906 3827 p.
943 3744 1067 3808 467
1112 3740 1289 3827 quod
1325 3740 1542 3806 scribit
1584 3741 2014 3805 «Pronomine
2056 3735 2216 3828 ὅπερ
2257 3743 2454 3804 utitur
2485 3742 2724 3805 Aristo·

527 3844 702 3924 teleS‚
746 3857 817 3911 ut
858 3845 1176 3934 significet
1220 3844 1488 3930 aliquam
1533 3866 1665 3909 rem
1710 3847 1798 3909 ita
1840 3847 2239 3909 coniunctam
2279 3864 2419 3911 esse
2458 3866 2596 3911 cum
2637 3842 2723 3908 al-

525 3953 720 4015 terius
758 3952 852 4015 rei
889 3961 1129 4027 natura,
1173 3959 1245 4014 ut
1282 3970 1419 4015 eam
1459 3948 1911 4035 complectatur
1947 3951 2111 4013 sicut
2145 3969 2351 4039 genus
2389 3950 2707 4033 speciem»

525 4056 708 4119 nimis
755 4058 1038 4142 angustis
1083 4053 1318 4119 finibus
1364 4055 1550 4120 huius
1592 4055 1988 4139 pronominis
2025 4073 2207 4116 usum
2254 4049 2719 4117 circumscribit.

525 4159 766 4223 Verum
812 4157 1063 4243 quidem
1111 4169 1233 4235 est,
1289 4179 1484 4244 saepe
1539 4158 1831 4242 usurpari
1875 4154 1954 4218 ab
2001 4154 2344 4223 Aristotele
2390 4154 2718 4221 formulam

526 4257 686 4349 ὅπερ
729 4257 898 4339 τόδε,
940 4271 1012 4326 ut
1047 4261 1441 4349 significetur
1476 4263 1661 4327 notio
1701 4259 2122 4327 universalior
2158 4282 2321 4347 quae
2357 4259 2528 4324 illam
2569 4280 2718 4324 con·

524 4369 722 4433 tineat
776 4375 849 4431 ut
901 4385 1106 4454 genus
1162 4368 1467 4453 speciem,
1528 4373 1592 4432 et
1648 4367 1826 4451 quasi
1883 4387 2004 4452 pro
2062 4366 2440 4462 synonymis
2495 4363 2719 4428 haberi
