3043 4973
1182 246 1288 318 M
1328 243 1399 318 3.
1480 241 1751 318 107822.
2421 242 2564 319 585
2657 262 2678 267 “

360 423 717 508 geometria
761 441 946 506 quain
984 422 1389 501 astronomia,
1437 422 1826 487 astronomia
1863 440 2051 505 quam
2086 418 2450 486 mechanica
2484 420 2567 486 sit

362 526 658 602 exactior,
704 528 1001 610 quoniam
1047 527 1113 589 in
1159 522 1446 610 qualibet
1489 546 1565 589 ex
1610 524 1708 589 his
1755 523 2062 590 doctrinis
2096 527 2252 590 novi
2285 522 2439 610 quid
2468 545 2567 589 ac·

361 627 546 708 cedit,
590 628 670 694 cf.
701 628 783 693 ad
814 626 881 691 A
906 630 967 693 2.
997 629 1165 693 9820
1192 630 1294 692 13.
1369 628 1557 715 (Ipsa
1600 627 1814 706 verba,
1859 627 2087 714 quibus
2126 629 2254 693 hoc
2293 629 2565 713 exponit,

358 731 670 798 brevitate
714 731 935 818 paullo
982 731 1356 798 obscuriora
1403 741 1578 810 sunt,
1634 733 1800 796 all:
1859 726 2025 798 ὥστε
2069 724 2230 797 ἄνευ
2268 752 2338 796 τε
2380 733 2567 814 myi-

360 838 534 914 θους
574 837 834 919 μᾶλλον
874 830 921 915 ἢ
963 828 1128 918 μετὰ
1173 836 1520 918 μεγέθους,
1564 837 1680 901 καὶ
1713 829 2008 919 μάλιστα
2045 828 2204 900 ἄνευ
2238 829 2566 914 κινήσὲως,

359 942 401 1004 i.
432 961 486 1005 e.
536 944 768 1005 certior
812 959 887 1003 ea
934 940 1054 1003 erit
1099 937 1418 1017 doctrina,
1477 960 1644 1025 quae
1696 940 2083 1004 extensionis
2127 937 2414 1004 nondum
2459 938 2564 1002 ha-

357 1043 468 1108 bet
510 1046 852 1121 rationem,
898 1042 1304 1119 arithmetica,
1348 1063 1534 1128 quam
1580 1064 1746 1128 quae
1781 1063 1918 1107 eam
1954 1042 2264 1121 adsciscit,
2309 1058 2557 1130 geome-

357 1150 506 1223 tria;
565 1150 802 1211 certior
843 1149 1189 1232 praecipue
1230 1148 1307 1211 iis
1354 1145 1697 1225 doctrinm,
1753 1168 1920 1233 quae
1969 1156 2210 1213 motum
2251 1155 2563 1232 spectant.

354 1244 475 1316 ἐὰν
518 1252 587 1316 δὲ
630 1252 907 1330 κίνησιν,
949 1248 1240 1336 μάλιστα
1280 1242 1404 1330 τὴν
1445 1245 1713 1334 πρώτην
1728 1270 1744 1287 ·
1791 1245 2217 1330 ἁπλουστάτη
2262 1246 2409 1337 γάρ,
2452 1251 2564 1316 καὶ

357 1349 600 1435 ταύτης
643 1352 685 1435 ἡ
731 1350 972 1438 ὁμαλή.
1063 1353 1195 1418 Sed
1253 1356 1305 1418 si
1367 1375 1492 1443 qua
1550 1356 1814 1420 scientia
1856 1375 1959 1420 res
2005 1365 2317 1440 tamquam
2360 1363 2564 1420 motas

358 1458 824 1546 contemplatur
856 1497 934 1509 —
976 1462 1111 1523 sive
1144 1458 1398 1538 κίνησις
1435 1458 1745 1543 peculiari
1779 1469 2005 1539 motus,
2049 1462 2187 1524 sive
2219 1456 2565 1524 universali

356 1567 721 1630 mutationis
780 1563 1250 1651 significatione
1310 1560 1478 1627 dicta
1539 1572 1638 1628 est
1680 1602 1793 1643 -—,
1854 1585 1928 1628 ea
1971 1566 2039 1629 iu
2083 1560 2212 1628 illis
2263 1564 2382 1626 erit
2435 1580 2567 1629 cer-
2649 1632 2660 1637 ,

356 1673 622 1748 tissima,
667 1689 828 1753 quae
874 1671 1158 1755 primum,
1201 1666 1742 1753 simplicissimum,
1787 1667 2115 1754 aequalem
2157 1674 2434 1744 motum,·
2462 1684 2566 1733 or-

357 1772 703 1839 bicularem
746 1775 1036 1838 nimirum
1082 1783 1392 1836 astrorum
1440 1782 1714 1851 motum,
1769 1771 1891 1836 sibi
1947 1770 2301 1838 subiectum
2352 1768 2565 1836 habet.

359 1877 598 1943 Eadem
657 1880 907 1942 ratione
967 1876 1201 1941 deinde
1263 1876 1693 1943 harmonicam
1751 1885 1817 1941 et
1873 1879 2151 1962 opticam
2210 1870 2564 1943 doctrinam

358 1982 640 2061 confert,
689 2002 852 2068 quae
896 2002 1029 2045 non
1074 1984 1245 2068 ipsas
1291 2003 1395 2046 res
1441 1980 1687 2046 auditui
1731 1990 1797 2045 et
1839 1982 2003 2045 visui
2046 1979 2391 2057 subiectas,
2449 1976 2566 2044 sod

356 2088 560 2153 lineas
616 2096 683 2151 et
736 2106 1038 2151 numeros
1097 2108 1237 2151 cum
1281 2085 1410 2150 illis
1452 2084 1648 2150 rebus
1689 2087 2049 2151 necessaria
2091 2085 2371 2161 ratione,
2411 2084 2566 2161 «216,

356 2195 733 2259 coniunctas
758 2194 1195 2278 investigent.)
1253 2187 1708 2256 Concludendi
1741 2198 1949 2254 autem
1981 2208 2163 2253 error
2189 2185 2360 2266 inde,
2389 2185 2566 2273 quod

358 2318 477 2384 pro
524 2298 829 2383 separatis
874 2294 1071 2359 rebus
1104 2297 1433 2380 posuimus
1470 2315 1566 2373 ea,
1609 2314 1772 2379 quae
1809 2295 2088 2359 essentia
2122 2312 2258 2357 non
2287 2300 2440 2359 sunt
2469 2308 2565 2357 se·

354 2412 610 2489 parata,
653 2420 789 2465 non
832 2401 1032 2486 magis
1076 2409 1299 2484 potest
1343 2401 1592 2477 enasci,
1632 2419 1815 2483 quam
1861 2396 2048 2475 inde,
2087 2394 2268 2482 quod
2311 2412 2566 2483 geome-

358 2518 457 2571 tra
501 2506 732 2570 lineam
775 2506 843 2567 in
888 2525 1079 2568 arena
1128 2503 1505 2591 descriptam
1549 2501 1840 2590 pedalem
1889 2522 2030 2566 esse
2070 2503 2336 2586 sumpsit
2373 2519 2564 2586 quun

360 2631 496 2675 non
540 2613 622 2674 sit
665 2607 930 2695 pedalia,
971 2610 1127 2672 0119.
1218 2608 1567 2674 Geometra
1611 2608 1781 2671 enim
1825 2626 1990 2690 quae
2032 2603 2442 2682 demonstrat,
2489 2613 2565 2668 ea

354 2718 646 2780 seiuncta
691 2734 951 2798 prorsus
996 2735 1032 2775 a
1078 2723 1305 2777 natura
1347 2710 1598 2799 figurae
1641 2708 2001 2774 delineatae
2053 2710 2242 2774 unice
2297 2729 2374 2774 ex
2416 2723 2565 2793 pro,—

358 2821 748 2907 positionum
785 2818 1054 2881 veritate
1088 2814 1379 2904 pendent
1410 2814 1532 2893 (cf.
1564 2815 1686 2880 An.
1714 2835 1812 2899 pr.
1841 2812 1873 2878 Ι
1901 2813 2012 2878 40.
2044 2813 2164 2878 491»
2186 2812 2301 2877 35:
2347 2805 2564 2896 ὥσπερ

360 2920 397 2989 ὁ
442 2926 809 3008 γεωμέτρης
865 2915 988 3001 τὴν
1040 2920 1359 2987 ποδιαίαν
1411 2919 1550 2984 καὶ·
1583 2915 1860 2984 εὐθεῖαν
1904 2911 2098 2998 τήνδε
2139 2917 2256 2982 καὶ
2297 2911 2566 2994 doulam?

359 3024 526 3093 εἶναι
570 3028 738 3109 λέγει
782 3022 900 3090 οὐκ
943 3014 1171 3103 οὖσαν,
1215 3020 1360 3088 ἀλλ’
1401 3021 1519 3108 οὐχ
1564 3017 1770 3099 οὕτως
1805 3023 2048 3109 χρῆται
2082 3016 2176 3096 ὡς
2204 3024 2278 3086 ἐκ
2312 3013 2564 3086 τούτων

348 3126 971 3213 συλλογιζόμενοςὴ
1028 3132 1116 3193 ita
1168 3132 1240 3193 in
1295 3127 1603 3192 doctrinis
1659 3126 2025 3194 mechanica
2067 3122 2378 3192 medicina
2421 3120 2563 3192 aliis

359 3237 466 3320 qui
510 3232 865 3319 peculiares
908 3242 1121 3298 motus
1164 3230 1274 3296 vel
1315 3234 1602 3296 sanitatis
1644 3229 1980 3315 quditates
2009 3245 2407 3317 cognoscere
2436 3234 2563 3291 stu-

360 3335 597 3415 duerit,
652 3339 711 3400 is
764 3334 941 3400 nihil·
976 3335 1237 3401 falletur
1279 3337 1568 3422 seposita
1607 3333 1912 3400 substrati
1945 3343 2208 3411 natura,
2260 3331 2561 3417 quoniam

361 3439 445 3505 ab
490 3461 565 3503 ea
608 3440 729 3504 hae
772 3439 1105 3524 qualitates
1149 3460 1286 3505 non
1328 3448 1483 3504 sunt
1529 3457 1897 3524 suspensae.
1985 3435 2162 3523 Quid
2207 3434 2384 3522 quod
2425 3453 2561 3502 non

360 3542 558 3609 modo
605 3542 789 3629 culpa
834 3542 1037 3623 liberi,
1081 3544 1196 3609 sed
1235 3541 1542 3609 laudandi
1578 3546 1766 3607 etiam
1803 3552 1969 3620 siunt,
2011 3544 2119 3626 qui
2153 3541 2561 3626 quaestiones

359 3650 453 3713 sic
492 3650 860 3724 instituunt3
905 3647 1081 3733 quod
1128 3650 1295 3713 enim
1339 3657 1633 3713 accurate
1666 3650 1806 3734 quis
1840 3665 2234 3735 cognoscere
2264 3643 2561 3720 voluerit,

361 3751 428 3818 id
474 3752 628 3817 licet
670 3773 740 3816 re
785 3753 1139 3818 seiunctum
1182 3769 1318 3817 non
1360 3755 1442 3817 sit
1480 3774 1519 3816 a
1556 3752 1898 3830 substate,
1938 3752 2331 3838 cogitatione
2364 3746 2563 3816 debet

362 3856 444 3922 ab
504 3875 586 3921 eo
643 3873 968 3943 separare,
1008 3858 1165 3921 ⁶22:
1220 3849 1463 3943 ἄριστα
1507 3852 1567 3921 δ’
1606 3848 1714 3921 ἄν’
1741 3850 1912 3922 οὕτω
1967 3852 2360 3940 θεωρηθείη
2413 3856 2560 3918 ἕκα-

363 3980 539 4038 στον,
593 3956 652 4025 εἴ
689 3982 787 4037 τις
829 3954 907 4025 τὸ
951 3954 1046 4046 μὴ
1089 3962 1563 4047 κεχωρισμένον
1606 3961 1733 4041 (sc.
1779 3960 1872 4041 τῷ
1916 3952 2120 4037 εἶναι)
2165 3956 2326 4035 θείη
2364 3955 2562 4042 χωρί-

365 4082 506 4140 σας,
550 4062 630 4126 cf.
661 4064 853 4151 Phys.
884 4064 946 4131 11
981 4067 1044 4130 2.
1081 4065 1239 4130 1931»
1264 4065 1370 4130 35.
1445 4064 1592 4127 Hoc
1626 4062 1796 4128 cadit
1831 4065 1899 4126 in
1938 4060 2290 4126 doctrinam
2328 4058 2562 4125 mathe-

365 4168 673 4231 maticam.
749 4169 972 4235 Veluti
1016 4191 1206 4256 quum
1251 4167 1445 4232 homo
1492 4175 1560 4232 et
1601 4188 1799 4233 unum
1845 4164 2164 4253 quidpiam
2209 4166 2290 4230 sit
2326 4173 2393 4228 et
2426 4181 2564 4227 cor—

366 4290 488 4357 pus
546 4269 850 4351 solidum,
903 4274 1377 4339 mathematicus
1434 4279 1673 4350 tamen,
1730 4272 2011 4357 seposita
2069 4271 2240 4335 omni
2290 4265 2561 4333 hominis

367 4383 609 4454 natura,
652 4377 953 4443 unitatem
998 4388 1065 4443 et
1108 4397 1342 4462 corpus
1386 4374 1662 4442 solidum
1705 4376 1887 4462 quasi
1930 4395 2050 4461 per
2092 4395 2163 4438 se
2206 4375 2333 4438 sint
2363 4370 2563 4456 ponit,
