3043 4973
1154 226 1216 297 Θ
1268 225 1332 300 1.
1417 225 1605 302 1046
1621 251 1686 300 a.
2374 227 2520 303 379

313 403 401 468 ris
441 400 862 489 significatur,
922 402 1001 467 cf.
1044 403 1105 469 8.
1156 404 1364 470 105οα
1402 405 1516 468 22:
1578 396 1682 469 διὰ
1737 406 1847 471 καὶ
1893 399 2187 489 τοῦνομα
2229 408 2522 491 ἐνέργεια

312 505 568 588 λέγεται
608 497 781 570 κατὰ
824 499 901 569 τὸ
948 508 1158 593 ἔργον.
2589 522 2596 530 ·

446 610 544 672 Ac
577 611 844 695 primum
883 609 1138 695 quidem
1172 610 1252 694 de
1290 614 1578 698 potentia
1613 610 1896 698 disputat
1927 634 2065 698 cap.
2093 613 2307 677 1-5,
2368 612 2521 678 Eius

316 711 471 780 duas
512 712 847 800 distinguit
883 717 1200 794 notioneS,
1249 736 1510 799 quarum
1549 714 1749 780 altera
1785 719 2048 781 maxime
2083 718 2407 802 propriam
2447 736 2524 782 ac

313 814 693 901 peculiarem
740 821 1069 905 potentiae
1110 828 1397 885 naturam
1440 822 1785 897 contineat,
1831 819 1944 885 sed
1987 819 2071 885 ad
2117 821 2301 884 huius
2340 818 2524 884 disci-

313 918 530 1005 plinae
566 921 919 1000 consilium,
962 922 1044 988 ad
1082 923 1598 1010 cognoscendam
1636 926 1897 1008 primam
1937 923 2369 1000 substantiam,
2413 926 2525 987 mi»

314 1044 435 1090 nus
473 1027 807 1109 pertineat,
850 1022 897 1105 ὴ
939 1019 1110 1092 κατὰ
1152 1028 1407 1106 κίνησιν
1444 1023 1720 1111 δύναμις
1760 1023 1868 1093 «2.
1935 1027 2067 1093 Sed
2104 1049 2296 1113 quum
2331 1026 2528 1092 latius

312 1136 528 1214 pateat
563 1133 893 1215 potentiae
932 1139 999 1195 et
1035 1140 1209 1196 actus
1244 1142 1471 1196 natura
1507 1132 1655 1214 (ἐπὶ
1697 1133 1898 1196 πλέον
1939 1132 2081 1196 ἐστι’
2122 1133 2269 1211 al),
2314 1151 2524 1217 neque

314 1234 726 1300 contineatur
770 1236 938 1298 intra
981 1232 1148 1299 fines
1194 1257 1407 1301 earum
1450 1257 1657 1300 rerum
1705 1257 1869 1321 quae
1912 1245 2265 1314 moventur,
2308 1234 2391 1299 de
2439 1233 2525 1297 al·

315 1345 451 1401 tera
510 1340 840 1422 potentiae
898 1341 1168 1404 notione
1223 1340 1312 1404 ibi
1369 1361 1439 1404 se
1501 1336 1957 1423 explicaturum
2014 1341 2353 1425 promittit,
2417 1336 2526 1405 ubi

315 1450 492 1508 actus
528 1444 859 1506 notionem
895 1452 1191 1527 exponat,
1230 1445 1338 1522 113,
1378 1443 1455 1508 cf.
1488 1445 1550 1507 6.
1583 1443 1793 1507 1θ48α
1817 1444 1922 1507 27.
1989 1443 2212 1529 Itaque
2243 1441 2527 1508 voluisse

316 1545 569 1630 quidem
596 1555 862 1631 apparet
888 1545 1294 1614 Aristotelem
1328 1546 1459 1613 duo
1492 1549 1821 1633 potentiae
1851 1568 2088 1634 genera
2115 1546 2525 1633 distinguere,

238 1699 239 1702 ,
315 1648 433 1716 sed
460 1673 653 1735 quum
687 1659 1039 1716 accuratam
1074 1660 1138 1716 et
1168 1650 1524 1716 distinctam
1559 1648 1997 1718 definitionem
2031 1649 2288 1718 alterius
2325 1649 2523 1716 modo

316 1755 575 1839 generis
618 1757 1042 1841 proposuerit,
1088 1756 1205 1835 τῆς
1247 1753 1418 1821 κατὰ
1461 1757 1718 1834 κίνησιν
1764 1750 2112 1839 δυνάμεως,
2156 1776 2342 1841 quam
2386 1776 2526 1820 esse

316 1855 457 1922 vult
496 1853 712 1944 ἀρχὴν
754 1858 1131 1943 μεταβολῆς
1176 1863 1245 1924 ἐν
1289 1852 1470 1944 ἄλλῳ
1513 1852 1559 1940 ἢ
1601 1849 1642 1950 ᾖ
1689 1851 1871 1937 ἄλλο,
1917 1859 2183 1924 alterum
2222 1880 2378 1923 vero
2418 1880 2527 1946 ge-

314 1981 437 2024 nus
495 1982 630 2026 non
690 1961 1053 2027 definiverit
1114 1961 1230 2026 sed
1293 1964 1593 2051 exemplis
1653 1961 1969 2027 illustrare
2027 1965 2181 2027 satis
2237 1949 2530 2028 hahuerit

317 2065 380 2129 6.
429 2064 640 2131 10480
676 2066 759 2132 27
803 2061 970 2152 sqq„
1026 2066 1355 2151 quomodo
1404 2090 1478 2132 ea
1528 2068 1658 2134 duo
1704 2088 1942 2154 genera
1987 2066 2269 2133 voluerit
2311 2066 2530 2132 distin-

315 2189 517 2256 guere
560 2191 695 2236 non
739 2169 1008 2255 perinde
1054 2180 1152 2234 est
1196 2182 1501 2257 apertum.
1583 2171 1859 2237 Videtur
1903 2180 2111 2236 autem
2154 2173 2372 2257 priore
2415 2191 2529 2256 po-

318 2275 556 2344 tentiae
603 2294 845 2360 genere
889 2276 1015 2338 vim
1062 2274 1375 2359 quandam
1416 2284 1480 2340 et
1514 2278 1695 2361 quasi
1732 2278 1935 2339 nisum
1972 2273 2352 2362 significare,
2397 2295 2527 2360 quo

317 2375 473 2462 quid
532 2376 612 2444 ad
670 2377 1072 2446 efficiendam
1130 2379 1253 2444 alia
1308 2383 1376 2446 in
1426 2401 1496 2443 re
1541 2377 1647 2442 vel
1691 2378 2122 2463 accipiendam
2168 2376 2247 2442 ab
2293 2377 2415 2443 alia
2458 2399 2530 2443 re

316 2485 735 2553 mutationem
789 2482 1094 2551 idoneum
1154 2496 1280 2561 est;
1336 2485 1465 2549 huc
1523 2492 1588 2547 et
1627 2502 1867 2547 nomen
1912 2484 2216 2566 pertinet:
2270 2477 2314 2560 ἡ
2358 2473 2530 2546 κατὰ

316 2587 577 2665 κίνησιν
620 2583 923 2672 δύναμις,
982 2588 1043 2653 h.
1081 2610 1136 2654 e.
1181 2592 1469 2675 potentia
1517 2604 1681 2671 quae
1723 2582 1931 2649 tendit
1975 2584 2057 2648 ad
2101 2593 2340 2648 motum
2396 2587 2530 2648 sive

318 2693 762 2770 mutationem,
808 2701 873 2757 et
918 2690 1241 2770 definitio,
1289 2712 1477 2778 quum
1526 2688 1778 2775 quidem
1823 2690 2110 2773 potentia
2154 2689 2531 2774 principium

318 2793 552 2863 dicitur
611 2817 753 2863 esse
809 2795 1125 2874 mutandi,
1182 2806 1248 2861 et
1305 2795 1579 2880 denique
1635 2790 1916 2878 exempla
1960 2791 2158 2856 veluti
2204 2794 2328 2857 τοῦ
2367 2794 2531 2880 θερ-

319 2899 640 2983 flammo&
684 2910 750 2963 et
792 2903 911 2964 τοῦ
954 2900 1374 2985 &appar-cos),
1432 2901 1553 2965 τοῦ
1603 2895 1887 2980 ὑγιεινοῦ
1934 2906 1998 2961 et
2041 2897 2162 2962 τοῦ
2202 2892 2533 2980 bysantos,

321 3006 443 3069 τοῦ
499 2998 934 3085 ἐπιστήμονος
993 3011 1060 3089 et
1112 3002 1235 3069 τοῦ
1286 3002 1641 3082 ἐπιστητοῦ
1698 3000 1822 3065 alia
1888 2999 2228 3078 eiusmodi,
2296 3004 2532 3087 quippe

323 3128 485 3192 quae
523 3109 737 3173 omnia
776 3104 1009 3192 agendi
1050 3105 1658 3191 patiendive‘nisum
1701 3103 2012 3189 quendam
2048 3090 2408 3191 significare
2444 3108 2535 3168 vi-

324 3210 610 3288 deantur,
660 3214 747 3274 ita
794 3208 1044 3295 quidem
1090 3220 1162 3275 ut
1203 3213 1464 3277 mutatio
1513 3211 1785 3284 exsistat,
1827 3209 1898 3269 in
1942 3207 2132 3271 rebus
2175 3209 2533 3273 inanimatis

326 3323 514 3392 certe,
556 3312 938 3398 simulatque
982 3315 1185 3379 aetiva
1228 3324 1292 3379 et
1312 3315 1578 3398 passiva
1619 3313 1911 3395 potentia
1952 3314 2235 3377 coierint.
2310 3310 2533 3377 Altero

324 3421 858 3502 vero.potentiae
882 3438 1167 3504 genere,
1213 3439 1401 3502 quum
1449 3414 1678 3481 dicitur
1721 3417 1788 3479 in
1832 3413 2013 3502 ligno
2057 3419 2347 3502 potentia
2393 3438 2535 3481 esse

325 3521 698 3599 Mercurius,
743 3524 810 3587 in
848 3530 984 3587 tota
1022 3519 1189 3587 linea
1226 3522 1515 3605 potentia
1541 3523 1753 3605 inesse
1783 3517 2060 3597 dimidia,
2105 3522 2166 3584 6.
2199 3522 2408 3587 1048a
2432 3523 2536 3600 32,

324 3644 463 3691 non
497 3623 613 3689 ille
649 3648 837 3711 quem
877 3625 1145 3691 diximus
1179 3626 1354 3689 nisus
1391 3622 1808 3710 significatur,
1853 3626 1959 3708 qui
1996 3645 2110 3688 sua
2145 3635 2368 3689 natura
2402 3633 2537 3689 ten-

327 3727 437 3794 dat
481 3727 561 3797 ad
606 3732 1053 3808 mutationem,
1114 3749 1300 3813 quem
1347 3726 1598 3813 quidem
1647 3750 1856 3814 neque
1902 3730 1967 3792 in
2012 3727 2157 3793 rudi
2199 3725 2380 3814 ligno
2427 3746 2538 3792 ne-

326 3854 454 3918 que
498 3835 564 3899 in
607 3842 746 3899 tota
789 3832 958 3901 linea
1003 3831 1268 3919 perinde
1315 3834 1621 3916 quispiam
1669 3835 1882 3896 inesse
1916 3833 2208 3895 statuerit
2243 3840 2434 3916 atque
2470 3834 2537 3895 in

322 3959 397 4003 re
444 3936 810 4005 calefactiva
860 3959 933 4001 ac
976 3935 1319 4013 similibus,
1373 3935 1505 4001 sed.
1543 3936 1671 3999 hoc
1716 3957 1907 4001 unum
1954 3944 2241 4013 notatur,
2299 3954 2541 4019 posse

329 4039 565 4126 aliquid
607 4041 768 4109 fieri.
836 4039 1002 4107 Illud
1047 4042 1377 4127 potentiae
1422 4061 1627 4127 genus
1674 4037 2015 4103 vernacule
2060 4038 2233 4113 dicas
2271 4040 2541 4104 Ver-mii-

321 4169 496 4230 gen,
553 4145 681 4213 hoc
723 4143 1191 4229 Mo‘gliolekeit,
1248 4144 1325 4208 cf.
1374 4143 1454 4208 ad
1502 4145 1556 4210 A
1596 4145 1679 4208 12
1724 4145 1890 4219 init.;
1948 4142 2277 4208 vocabulis
2319 4165 2539 4229 parum

329 4250 572 4315 Latinis
614 4247 775 4315 illud
811 4251 1267 4335 potentiae,
1312 4248 1438 4313 hoc
1473 4247 2068 4334 possibilitatis
2103 4250 2362 4312 nomine
2401 4245 2542 4311 red-

333 4352 488 4419 dere
531 4352 736 4419 liceat.
832 4356 927 4421 Ac
981 4373 1173 4439 posse
1232 4352 1488 4437 quidem
1546 4354 1706 4419 haec
1745 4352 1877 4418 duo
1925 4348 2260 4436 δυνάμεως
2302 4372 2540 4439 genera

1555 4586 1600 4617 Q
