<?xml version="1.0" encoding="UTF-8"?>
<!DOCTYPE html PUBLIC "-//W3C//DTD XHTML 1.0 Transitional//EN"
    "http://www.w3.org/TR/xhtml1/DTD/xhtml1-transitional.dtd">
<html xmlns="http://www.w3.org/1999/xhtml" xml:lang="en" lang="en">
 <head>
  <title>
</title>
<meta http-equiv="Content-Type" content="text/html;charset=utf-8" />
  <meta name='ocr-system' content='tesseract 3.04.00' />
  <meta name='ocr-capabilities' content='ocr_page ocr_carea ocr_par ocr_line ocrx_word'/>
</head>
<body>
  <div class='ocr_page' id='page_1' title='image "aristotelismeta02bonigoog_0021.png"; bbox 0 0 3043 4973; ppageno 0'>
   <div class='ocr_carea' id='block_1_1' title="bbox 2449 208 2502 286">
    <p class='ocr_par' dir='ltr' id='par_1_1' title="bbox 2449 208 2502 286">
     <span class='ocr_line' id='line_1_1' title="bbox 2449 208 2502 286; baseline 0 0"><span class='ocrx_word' id='word_1_1' title='bbox 2449 208 2502 286; x_wconf 79' lang='lat'>9</span> 
     </span>
    </p>
   </div>
   <div class='ocr_carea' id='block_1_2' title="bbox 280 378 2528 4412">
    <p class='ocr_par' dir='ltr' id='par_1_2' title="bbox 280 378 2528 4412">
     <span class='ocr_line' id='line_1_2' title="bbox 305 378 2509 475; baseline 0.001 -25"><span class='ocrx_word' id='word_1_2' title='bbox 305 392 519 450; x_wconf 80' lang='lat' dir='ltr'><strong>rantur</strong></span> <span class='ocrx_word' id='word_1_3' title='bbox 561 385 971 469; x_wconf 72' lang='lat' dir='ltr'><strong>quaestiones</strong></span> <span class='ocrx_word' id='word_1_4' title='bbox 1017 402 1162 463; x_wconf 87' lang='lat' dir='ltr'><strong>eae,</strong></span> <span class='ocrx_word' id='word_1_5' title='bbox 1216 386 1283 448; x_wconf 89' lang='lat' dir='ltr'><strong>in</strong></span> <span class='ocrx_word' id='word_1_6' title='bbox 1329 378 1571 471; x_wconf 79' lang='lat' dir='ltr'><strong>quibus,</strong></span> <span class='ocrx_word' id='word_1_7' title='bbox 1601 382 1929 450; x_wconf 81' lang='lat' dir='ltr'><strong>solvendis</strong></span> <span class='ocrx_word' id='word_1_8' title='bbox 1971 380 2132 451; x_wconf 83' lang='lat' dir='ltr'><strong>baec</strong></span> <span class='ocrx_word' id='word_1_9' title='bbox 2173 384 2509 475; x_wconf 65' lang='lat' dir='ltr'><strong>disciplina</strong></span> 
     </span>
     <span class='ocr_line' id='line_1_3' title="bbox 305 486 2509 573; baseline 0.003 -22"><span class='ocrx_word' id='word_1_10' title='bbox 305 496 605 566; x_wconf 78' lang='lat' dir='ltr'><strong>versatur,</strong></span> <span class='ocrx_word' id='word_1_11' title='bbox 648 491 1009 573; x_wconf 83' lang='lat' dir='ltr'><strong>importune</strong></span> <span class='ocrx_word' id='word_1_12' title='bbox 1048 486 1392 554; x_wconf 70' lang='lat' dir='ltr'><strong>intruditur</strong></span> <span class='ocrx_word' id='word_1_13' title='bbox 1431 488 1598 554; x_wconf 89' lang='lat' dir='ltr'><strong>liber</strong></span> <span class='ocrx_word' id='word_1_14' title='bbox 1624 512 1690 554; x_wconf 85' lang='grc' dir='ltr'><strong>α.</strong></span> <span class='ocrx_word' id='word_1_15' title='bbox 1761 489 2020 557; x_wconf 80' lang='lat' dir='ltr'><strong>Deinde</strong></span> <span class='ocrx_word' id='word_1_16' title='bbox 2061 491 2360 558; x_wconf 84' lang='lat' dir='ltr'><strong>inchoata</strong></span> <span class='ocrx_word' id='word_1_17' title='bbox 2403 496 2509 558; x_wconf 79' lang='lat' dir='ltr'><strong>vix</strong></span> 
     </span>
     <span class='ocr_line' id='line_1_4' title="bbox 305 588 2510 681; baseline 0.003 -27"><span class='ocrx_word' id='word_1_18' title='bbox 305 590 480 655; x_wconf 85' lang='lat' dir='ltr'><strong>libris</strong></span> <span class='ocrx_word' id='word_1_19' title='bbox 522 588 660 656; x_wconf 89' lang='grc' dir='ltr'><strong>ΒΓ</strong></span> <span class='ocrx_word' id='word_1_20' title='bbox 694 590 1041 679; x_wconf 85' lang='lat' dir='ltr'><strong>disputatio</strong></span> <span class='ocrx_word' id='word_1_21' title='bbox 1086 595 1309 658; x_wconf 87' lang='lat' dir='ltr'><strong>iterum</strong></span> <span class='ocrx_word' id='word_1_22' title='bbox 1357 596 1832 679; x_wconf 71' lang='lat' dir='ltr'><strong>interrumpitur</strong></span> <span class='ocrx_word' id='word_1_23' title='bbox 1873 591 2040 658; x_wconf 81' lang='lat' dir='ltr'><strong>libro</strong></span> <span class='ocrx_word' id='word_1_24' title='bbox 2086 594 2169 673; x_wconf 88' lang='lat' dir='ltr'><strong>A,</strong></span> <span class='ocrx_word' id='word_1_25' title='bbox 2227 599 2334 681; x_wconf 88' lang='lat' dir='ltr'><strong>qui</strong></span> <span class='ocrx_word' id='word_1_26' title='bbox 2388 618 2510 661; x_wconf 90' lang='lat' dir='ltr'><strong>nec</strong></span> 
     </span>
     <span class='ocr_line' id='line_1_5' title="bbox 306 695 2508 783; baseline 0.003 -24"><span class='ocrx_word' id='word_1_27' title='bbox 306 717 443 771; x_wconf 75' lang='lat' dir='ltr'><strong>cum</strong></span> <span class='ocrx_word' id='word_1_28' title='bbox 489 699 821 781; x_wconf 75' lang='lat' dir='ltr'><strong>superiore</strong></span> <span class='ocrx_word' id='word_1_29' title='bbox 866 695 1298 782; x_wconf 82' lang='lat' dir='ltr'><strong>disputatione</strong></span> <span class='ocrx_word' id='word_1_30' title='bbox 1338 716 1460 762; x_wconf 85' lang='lat' dir='ltr'><strong>nec</strong></span> <span class='ocrx_word' id='word_1_31' title='bbox 1495 716 1634 762; x_wconf 83' lang='lat' dir='ltr'><strong>cum</strong></span> <span class='ocrx_word' id='word_1_32' title='bbox 1666 696 2131 783; x_wconf 80' lang='lat' dir='ltr'><strong>posterioribus</strong></span> <span class='ocrx_word' id='word_1_33' title='bbox 2161 696 2339 764; x_wconf 83' lang='lat' dir='ltr'><strong>libris</strong></span> <span class='ocrx_word' id='word_1_34' title='bbox 2373 700 2508 765; x_wconf 92' lang='lat' dir='ltr'><strong>ullo</strong></span> 
     </span>
     <span class='ocr_line' id='line_1_6' title="bbox 307 799 2509 890; baseline 0.004 -28"><span class='ocrx_word' id='word_1_35' title='bbox 307 803 706 865; x_wconf 88' lang='lat' dir='ltr'><strong>connectitur</strong></span> <span class='ocrx_word' id='word_1_36' title='bbox 747 799 1026 865; x_wconf 83' lang='lat' dir='ltr'><strong>vinculo.</strong></span> <span class='ocrx_word' id='word_1_37' title='bbox 1095 803 1258 865; x_wconf 91' lang='lat' dir='ltr'><strong>Tum</strong></span> <span class='ocrx_word' id='word_1_38' title='bbox 1306 811 1642 887; x_wconf 78' lang='lat' dir='ltr'><strong>postquam</strong></span> <span class='ocrx_word' id='word_1_39' title='bbox 1686 822 1804 887; x_wconf 91' lang='lat' dir='ltr'><strong>per</strong></span> <span class='ocrx_word' id='word_1_40' title='bbox 1848 813 2121 887; x_wconf 83' lang='lat' dir='ltr'><strong>quatuor</strong></span> <span class='ocrx_word' id='word_1_41' title='bbox 2155 800 2355 868; x_wconf 90' lang='lat' dir='ltr'><strong>libros</strong></span> <span class='ocrx_word' id='word_1_42' title='bbox 2402 807 2509 890; x_wconf 90' lang='lat' dir='ltr'><strong>qui</strong></span> 
     </span>
     <span class='ocr_line' id='line_1_7' title="bbox 306 902 2512 994; baseline 0.003 -28"><span class='ocrx_word' id='word_1_43' title='bbox 306 905 587 990; x_wconf 82' lang='lat' dir='ltr'><strong>proxime</strong></span> <span class='ocrx_word' id='word_1_44' title='bbox 630 913 983 988; x_wconf 86' lang='lat' dir='ltr'><strong>sequuntur</strong></span> <span class='ocrx_word' id='word_1_45' title='bbox 1026 904 1297 970; x_wconf 81' lang='grc' dir='ltr'><em>ΕΖΗΘ</em></span> <span class='ocrx_word' id='word_1_46' title='bbox 1337 924 1470 969; x_wconf 89' lang='lat' dir='ltr'><strong>uno</strong></span> <span class='ocrx_word' id='word_1_47' title='bbox 1516 902 1655 969; x_wconf 82' lang='lat' dir='ltr'><strong>fere</strong></span> <span class='ocrx_word' id='word_1_48' title='bbox 1699 915 1927 969; x_wconf 86' lang='lat' dir='ltr'><strong>tenore</strong></span> <span class='ocrx_word' id='word_1_49' title='bbox 1972 904 2317 991; x_wconf 83' lang='lat' dir='ltr'><strong>disputatio</strong></span> <span class='ocrx_word' id='word_1_50' title='bbox 2362 928 2512 994; x_wconf 86' lang='lat' dir='ltr'><strong>pro-</strong></span> 
     </span>
     <span class='ocr_line' id='line_1_8' title="bbox 306 1006 2512 1096; baseline 0.002 -26"><span class='ocrx_word' id='word_1_51' title='bbox 306 1009 521 1084; x_wconf 82' lang='lat' dir='ltr'><strong>cessit,</strong></span> <span class='ocrx_word' id='word_1_52' title='bbox 578 1015 654 1071; x_wconf 86' lang='lat' dir='ltr'><strong>ut</strong></span> <span class='ocrx_word' id='word_1_53' title='bbox 698 1006 857 1071; x_wconf 87' lang='lat' dir='ltr'><strong>nihil</strong></span> <span class='ocrx_word' id='word_1_54' title='bbox 901 1026 1294 1096; x_wconf 78' lang='lat' dir='ltr'><strong>magnopere</strong></span> <span class='ocrx_word' id='word_1_55' title='bbox 1337 1011 1421 1072; x_wconf 89' lang='lat' dir='ltr'><strong>sit</strong></span> <span class='ocrx_word' id='word_1_56' title='bbox 1463 1007 1640 1094; x_wconf 82' lang='lat' dir='ltr'><strong>quod</strong></span> <span class='ocrx_word' id='word_1_57' title='bbox 1685 1026 2027 1085; x_wconf 84' lang='lat' dir='ltr'><strong>moremur,</strong></span> <span class='ocrx_word' id='word_1_58' title='bbox 2086 1008 2255 1074; x_wconf 88' lang='lat' dir='ltr'><strong>libro</strong></span> <span class='ocrx_word' id='word_1_59' title='bbox 2303 1011 2352 1075; x_wconf 97' lang='lat' dir='ltr'><strong><em>I</em></strong></span> <span class='ocrx_word' id='word_1_60' title='bbox 2387 1017 2512 1075; x_wconf 89' lang='lat' dir='ltr'><strong>sin-</strong></span> 
     </span>
     <span class='ocr_line' id='line_1_9' title="bbox 306 1109 2513 1202; baseline 0.003 -30"><span class='ocrx_word' id='word_1_61' title='bbox 306 1109 539 1195; x_wconf 79' lang='lat' dir='ltr'><strong>gularis</strong></span> <span class='ocrx_word' id='word_1_62' title='bbox 581 1109 886 1195; x_wconf 76' lang='lat' dir='ltr'><strong>quaedam</strong></span> <span class='ocrx_word' id='word_1_63' title='bbox 933 1111 1017 1176; x_wconf 91' lang='lat' dir='ltr'><strong>de</strong></span> <span class='ocrx_word' id='word_1_64' title='bbox 1062 1114 1306 1178; x_wconf 86' lang='lat' dir='ltr'><strong>unitate</strong></span> <span class='ocrx_word' id='word_1_65' title='bbox 1348 1120 1417 1177; x_wconf 84' lang='lat' dir='ltr'><strong>et</strong></span> <span class='ocrx_word' id='word_1_66' title='bbox 1460 1115 1793 1177; x_wconf 76' lang='lat' dir='ltr'><strong>contrariis</strong></span> <span class='ocrx_word' id='word_1_67' title='bbox 1836 1116 2126 1199; x_wconf 82' lang='lat' dir='ltr'><strong>quaestio</strong></span> <span class='ocrx_word' id='word_1_68' title='bbox 2168 1113 2513 1202; x_wconf 85' lang='lat' dir='ltr'><strong>diligenter</strong></span> 
     </span>
     <span class='ocr_line' id='line_1_10' title="bbox 306 1215 2515 1303; baseline 0.003 -27"><span class='ocrx_word' id='word_1_69' title='bbox 306 1223 757 1300; x_wconf 85' lang='lat' dir='ltr'><strong>pertractatur,</strong></span> <span class='ocrx_word' id='word_1_70' title='bbox 814 1236 975 1301; x_wconf 88' lang='lat' dir='ltr'><strong>quae</strong></span> <span class='ocrx_word' id='word_1_71' title='bbox 1033 1216 1185 1280; x_wconf 87' lang='lat' dir='ltr'><strong>licet</strong></span> <span class='ocrx_word' id='word_1_72' title='bbox 1239 1218 1376 1302; x_wconf 84' lang='lat' dir='ltr'><strong>ipsa</strong></span> <span class='ocrx_word' id='word_1_73' title='bbox 1435 1237 1509 1281; x_wconf 89' lang='lat' dir='ltr'><strong>re</strong></span> <span class='ocrx_word' id='word_1_74' title='bbox 1564 1215 2032 1283; x_wconf 89' lang='lat' dir='ltr'><strong>similitudinem</strong></span> <span class='ocrx_word' id='word_1_75' title='bbox 2088 1217 2401 1303; x_wconf 87' lang='lat' dir='ltr'><strong>quandam</strong></span> <span class='ocrx_word' id='word_1_76' title='bbox 2449 1229 2515 1283; x_wconf 92' lang='lat' dir='ltr'><strong>et</strong></span> 
     </span>
     <span class='ocr_line' id='line_1_11' title="bbox 309 1317 2520 1409; baseline 0.004 -29"><span class='ocrx_word' id='word_1_77' title='bbox 309 1319 755 1403; x_wconf 79' lang='lat' dir='ltr'><strong>cognationem</strong></span> <span class='ocrx_word' id='word_1_78' title='bbox 801 1317 1033 1383; x_wconf 80' lang='lat' dir='ltr'><strong>habeat</strong></span> <span class='ocrx_word' id='word_1_79' title='bbox 1076 1340 1216 1384; x_wconf 88' lang='lat' dir='ltr'><strong>cum</strong></span> <span class='ocrx_word' id='word_1_80' title='bbox 1245 1324 1540 1384; x_wconf 85' lang='lat' dir='ltr'><strong>universa</strong></span> <span class='ocrx_word' id='word_1_81' title='bbox 1571 1320 1690 1383; x_wconf 85' lang='lat' dir='ltr'><strong>hac</strong></span> <span class='ocrx_word' id='word_1_82' title='bbox 1719 1319 2072 1407; x_wconf 84' lang='lat' dir='ltr'><strong>disciplina,</strong></span> <span class='ocrx_word' id='word_1_83' title='bbox 2115 1333 2323 1386; x_wconf 91' lang='lat' dir='ltr'><strong>tamen</strong></span> <span class='ocrx_word' id='word_1_84' title='bbox 2357 1342 2520 1409; x_wconf 81' lang='lat' dir='ltr'><strong>quo-·</strong></span> 
     </span>
     <span class='ocr_line' id='line_1_12' title="bbox 304 1417 2509 1512; baseline 0.003 -28"><span class='ocrx_word' id='word_1_85' title='bbox 304 1417 503 1484; x_wconf 86' lang='lat' dir='ltr'><strong>modo</strong></span> <span class='ocrx_word' id='word_1_86' title='bbox 551 1442 691 1486; x_wconf 86' lang='lat' dir='ltr'><strong>cum</strong></span> <span class='ocrx_word' id='word_1_87' title='bbox 738 1442 811 1485; x_wconf 87' lang='lat' dir='ltr'><strong>ea</strong></span> <span class='ocrx_word' id='word_1_88' title='bbox 859 1423 1198 1487; x_wconf 84' lang='lat' dir='ltr'><strong>cohaereat</strong></span> <span class='ocrx_word' id='word_1_89' title='bbox 1250 1442 1333 1487; x_wconf 88' lang='lat' dir='ltr'><strong>ne</strong></span> <span class='ocrx_word' id='word_1_90' title='bbox 1377 1423 1583 1487; x_wconf 82' lang='lat' dir='ltr'><strong>verbo</strong></span> <span class='ocrx_word' id='word_1_91' title='bbox 1628 1423 1882 1509; x_wconf 88' lang='lat' dir='ltr'><strong>quidem</strong></span> <span class='ocrx_word' id='word_1_92' title='bbox 1928 1424 2347 1512; x_wconf 83' lang='lat' dir='ltr'><strong>significatum</strong></span> <span class='ocrx_word' id='word_1_93' title='bbox 2395 1435 2509 1491; x_wconf 82' lang='lat' dir='ltr'><strong>est.</strong></span> 
     </span>
     <span class='ocr_line' id='line_1_13' title="bbox 306 1524 2516 1614; baseline 0.003 -27"><span class='ocrx_word' id='word_1_94' title='bbox 306 1524 393 1588; x_wconf 91' lang='lat' dir='ltr'><strong>Et</strong></span> <span class='ocrx_word' id='word_1_95' title='bbox 435 1525 560 1587; x_wconf 91' lang='lat' dir='ltr'><strong>hoc</strong></span> <span class='ocrx_word' id='word_1_96' title='bbox 604 1524 859 1610; x_wconf 79' lang='lat' dir='ltr'><strong>quidem</strong></span> <span class='ocrx_word' id='word_1_97' title='bbox 906 1528 1268 1614; x_wconf 82' lang='lat' dir='ltr'><strong>graviorum</strong></span> <span class='ocrx_word' id='word_1_98' title='bbox 1321 1527 1646 1591; x_wconf 81' lang='lat' dir='ltr'><strong>turbarum</strong></span> <span class='ocrx_word' id='word_1_99' title='bbox 1692 1531 1956 1592; x_wconf 88' lang='lat' dir='ltr'><strong>initium.</strong></span> <span class='ocrx_word' id='word_1_100' title='bbox 2045 1528 2208 1593; x_wconf 86' lang='lat' dir='ltr'><strong>Nam</strong></span> <span class='ocrx_word' id='word_1_101' title='bbox 2255 1527 2399 1593; x_wconf 88' lang='lat' dir='ltr'><strong>libri</strong></span> <span class='ocrx_word' id='word_1_102' title='bbox 2442 1529 2516 1594; x_wconf 88' lang='lat' dir='ltr'><strong><em>K</em></strong></span> 
     </span>
     <span class='ocr_line' id='line_1_14' title="bbox 306 1628 2514 1718; baseline 0.002 -27"><span class='ocrx_word' id='word_1_103' title='bbox 306 1636 488 1715; x_wconf 89' lang='lat' dir='ltr'><strong>parte</strong></span> <span class='ocrx_word' id='word_1_104' title='bbox 543 1632 763 1714; x_wconf 79' lang='lat' dir='ltr'><strong>priore</strong></span> <span class='ocrx_word' id='word_1_105' title='bbox 818 1648 981 1715; x_wconf 81' lang='lat' dir='ltr'><strong>quae</strong></span> <span class='ocrx_word' id='word_1_106' title='bbox 1037 1628 1216 1693; x_wconf 83' lang='lat' dir='ltr'><strong>libris</strong></span> <span class='ocrx_word' id='word_1_107' title='bbox 1263 1628 1457 1695; x_wconf 88' lang='grc' dir='ltr'><strong>ΒΓΕ</strong></span> <span class='ocrx_word' id='word_1_108' title='bbox 1494 1631 1844 1718; x_wconf 80' lang='lat' dir='ltr'><strong>disceptata</strong></span> <span class='ocrx_word' id='word_1_109' title='bbox 1902 1641 2078 1711; x_wconf 84' lang='lat' dir='ltr'><strong>sunt,</strong></span> <span class='ocrx_word' id='word_1_110' title='bbox 2136 1631 2356 1697; x_wconf 87' lang='lat' dir='ltr'><strong>eadem</strong></span> <span class='ocrx_word' id='word_1_111' title='bbox 2405 1632 2514 1696; x_wconf 89' lang='lat' dir='ltr'><strong>ali-</strong></span> 
     </span>
     <span class='ocr_line' id='line_1_15' title="bbox 308 1732 2513 1819; baseline 0.002 -23"><span class='ocrx_word' id='word_1_112' title='bbox 308 1742 544 1818; x_wconf 87' lang='lat' dir='ltr'><strong>quanto</strong></span> <span class='ocrx_word' id='word_1_113' title='bbox 590 1732 847 1796; x_wconf 85' lang='lat' dir='ltr'><strong>brevius</strong></span> <span class='ocrx_word' id='word_1_114' title='bbox 890 1736 1219 1811; x_wconf 85' lang='lat' dir='ltr'><strong>iterantur,</strong></span> <span class='ocrx_word' id='word_1_115' title='bbox 1265 1752 1473 1819; x_wconf 90' lang='lat' dir='ltr'><strong>neque</strong></span> <span class='ocrx_word' id='word_1_116' title='bbox 1518 1737 1606 1798; x_wconf 85' lang='lat' dir='ltr'><strong>ita</strong></span> <span class='ocrx_word' id='word_1_117' title='bbox 1652 1744 1724 1799; x_wconf 91' lang='lat' dir='ltr'><strong>ut</strong></span> <span class='ocrx_word' id='word_1_118' title='bbox 1765 1734 1994 1799; x_wconf 88' lang='lat' dir='ltr'><strong>lectori</strong></span> <span class='ocrx_word' id='word_1_119' title='bbox 2036 1738 2104 1800; x_wconf 85' lang='lat' dir='ltr'><strong>in</strong></span> <span class='ocrx_word' id='word_1_120' title='bbox 2147 1738 2513 1800; x_wconf 78' lang='lat' dir='ltr'><strong>memoriam</strong></span> 
     </span>
     <span class='ocr_line' id='line_1_16' title="bbox 304 1835 2514 1923; baseline 0.002 -24"><span class='ocrx_word' id='word_1_121' title='bbox 304 1835 642 1900; x_wconf 81' lang='lat' dir='ltr'><strong>videantur</strong></span> <span class='ocrx_word' id='word_1_122' title='bbox 682 1841 1000 1914; x_wconf 87' lang='lat' dir='ltr'><strong>revocari,</strong></span> <span class='ocrx_word' id='word_1_123' title='bbox 1057 1835 1171 1900; x_wconf 87' lang='lat' dir='ltr'><strong>sed</strong></span> <span class='ocrx_word' id='word_1_124' title='bbox 1225 1850 1537 1923; x_wconf 78' lang='lat' dir='ltr'><strong>tamquam</strong></span> <span class='ocrx_word' id='word_1_125' title='bbox 1586 1840 1871 1923; x_wconf 86' lang='lat' dir='ltr'><strong>exposita</strong></span> <span class='ocrx_word' id='word_1_126' title='bbox 1921 1840 2181 1903; x_wconf 90' lang='lat' dir='ltr'><strong>omnino</strong></span> <span class='ocrx_word' id='word_1_127' title='bbox 2228 1838 2514 1905; x_wconf 88' lang='lat' dir='ltr'><strong>nondum</strong></span> 
     </span>
     <span class='ocr_line' id='line_1_17' title="bbox 306 1939 2514 2029; baseline 0.002 -26"><span class='ocrx_word' id='word_1_128' title='bbox 306 1941 464 2016; x_wconf 83' lang='lat' dir='ltr'><strong>sint3</strong></span> <span class='ocrx_word' id='word_1_129' title='bbox 522 1940 782 2004; x_wconf 89' lang='lat' dir='ltr'><strong>alteram</strong></span> <span class='ocrx_word' id='word_1_130' title='bbox 842 1940 1120 2005; x_wconf 89' lang='lat' dir='ltr'><strong>eiusdem</strong></span> <span class='ocrx_word' id='word_1_131' title='bbox 1176 1939 1321 2005; x_wconf 87' lang='lat' dir='ltr'><strong>libri</strong></span> <span class='ocrx_word' id='word_1_132' title='bbox 1373 1952 1620 2027; x_wconf 88' lang='lat' dir='ltr'><strong>partem</strong></span> <span class='ocrx_word' id='word_1_133' title='bbox 1667 1962 1741 2004; x_wconf 83' lang='lat' dir='ltr'><strong>ex</strong></span> <span class='ocrx_word' id='word_1_134' title='bbox 1785 1941 2075 2027; x_wconf 80' lang='lat' dir='ltr'><strong>Physicis</strong></span> <span class='ocrx_word' id='word_1_135' title='bbox 2121 1941 2514 2029; x_wconf 84' lang='lat' dir='ltr'><strong>depromtam</strong></span> 
     </span>
     <span class='ocr_line' id='line_1_18' title="bbox 310 2042 2518 2133; baseline 0.002 -27"><span class='ocrx_word' id='word_1_136' title='bbox 310 2065 449 2107; x_wconf 90' lang='lat' dir='ltr'><strong>esse</strong></span> <span class='ocrx_word' id='word_1_137' title='bbox 493 2046 616 2107; x_wconf 89' lang='lat' dir='ltr'><strong>iam</strong></span> <span class='ocrx_word' id='word_1_138' title='bbox 659 2047 1038 2109; x_wconf 85' lang='lat' dir='ltr'><strong>monuimus.</strong></span> <span class='ocrx_word' id='word_1_139' title='bbox 1121 2042 1379 2109; x_wconf 85' lang='lat' dir='ltr'><strong>Deinde</strong></span> <span class='ocrx_word' id='word_1_140' title='bbox 1423 2043 1592 2109; x_wconf 90' lang='lat' dir='ltr'><strong>libro</strong></span> <span class='ocrx_word' id='word_1_141' title='bbox 1636 2046 1711 2109; x_wconf 88' lang='grc' dir='ltr'><em>Λ</em></span> <span class='ocrx_word' id='word_1_142' title='bbox 1758 2043 1841 2108; x_wconf 93' lang='lat' dir='ltr'><strong>de</strong></span> <span class='ocrx_word' id='word_1_143' title='bbox 1886 2048 2157 2133; x_wconf 86' lang='lat' dir='ltr'><strong>integro,</strong></span> <span class='ocrx_word' id='word_1_144' title='bbox 2204 2050 2381 2132; x_wconf 85' lang='lat' dir='ltr'><strong>quasi</strong></span> <span class='ocrx_word' id='word_1_145' title='bbox 2423 2051 2518 2112; x_wconf 82' lang='lat' dir='ltr'><strong>ni-</strong></span> 
     </span>
     <span class='ocr_line' id='line_1_19' title="bbox 306 2146 2517 2235; baseline 0.003 -25"><span class='ocrx_word' id='word_1_146' title='bbox 306 2146 549 2212; x_wconf 85' lang='lat' dir='ltr'><strong>hildum</strong></span> <span class='ocrx_word' id='word_1_147' title='bbox 582 2146 970 2232; x_wconf 89' lang='lat' dir='ltr'><strong>disputatum</strong></span> <span class='ocrx_word' id='word_1_148' title='bbox 1002 2151 1099 2227; x_wconf 83' lang='lat' dir='ltr'><strong>sit,</strong></span> <span class='ocrx_word' id='word_1_149' title='bbox 1145 2147 1391 2213; x_wconf 84' lang='lat' dir='ltr'><strong>orditur</strong></span> <span class='ocrx_word' id='word_1_150' title='bbox 1435 2146 1858 2234; x_wconf 81' lang='lat' dir='ltr'><strong>philosophus</strong></span> <span class='ocrx_word' id='word_1_151' title='bbox 1903 2170 2208 2235; x_wconf 88' lang='lat' dir='ltr'><strong>quaerere</strong></span> <span class='ocrx_word' id='word_1_152' title='bbox 2239 2150 2320 2215; x_wconf 92' lang='lat' dir='ltr'><strong>de</strong></span> <span class='ocrx_word' id='word_1_153' title='bbox 2354 2172 2517 2216; x_wconf 87' lang='lat' dir='ltr'><strong>sum-</strong></span> 
     </span>
     <span class='ocr_line' id='line_1_20' title="bbox 305 2251 2518 2339; baseline 0.002 -24"><span class='ocrx_word' id='word_1_154' title='bbox 305 2255 424 2315; x_wconf 83' lang='lat' dir='ltr'><strong>mis</strong></span> <span class='ocrx_word' id='word_1_155' title='bbox 471 2253 815 2337; x_wconf 73' lang='lat' dir='ltr'><strong>principiiS,</strong></span> <span class='ocrx_word' id='word_1_156' title='bbox 861 2262 926 2317; x_wconf 90' lang='lat' dir='ltr'><strong>et</strong></span> <span class='ocrx_word' id='word_1_157' title='bbox 970 2274 1044 2319; x_wconf 85' lang='lat' dir='ltr'><strong>ea</strong></span> <span class='ocrx_word' id='word_1_158' title='bbox 1090 2251 1342 2339; x_wconf 87' lang='lat' dir='ltr'><strong>quidem</strong></span> <span class='ocrx_word' id='word_1_159' title='bbox 1389 2262 1794 2338; x_wconf 84' lang='lat' dir='ltr'><strong>pertractare,</strong></span> <span class='ocrx_word' id='word_1_160' title='bbox 1839 2274 2001 2338; x_wconf 89' lang='lat' dir='ltr'><strong>quae</strong></span> <span class='ocrx_word' id='word_1_161' title='bbox 2034 2274 2220 2338; x_wconf 90' lang='lat' dir='ltr'><strong>quum</strong></span> <span class='ocrx_word' id='word_1_162' title='bbox 2255 2254 2335 2318; x_wconf 88' lang='lat' dir='ltr'><strong>ad</strong></span> <span class='ocrx_word' id='word_1_163' title='bbox 2365 2272 2518 2319; x_wconf 80' lang='lat' dir='ltr'><strong>con-</strong></span> 
     </span>
     <span class='ocr_line' id='line_1_21' title="bbox 307 2354 2516 2442; baseline 0.001 -23"><span class='ocrx_word' id='word_1_164' title='bbox 307 2354 688 2421; x_wconf 87' lang='lat' dir='ltr'><strong>cludendam</strong></span> <span class='ocrx_word' id='word_1_165' title='bbox 746 2360 1102 2420; x_wconf 84' lang='lat' dir='ltr'><strong>universam</strong></span> <span class='ocrx_word' id='word_1_166' title='bbox 1159 2354 1512 2419; x_wconf 80' lang='lat' dir='ltr'><strong>doctrinam</strong></span> <span class='ocrx_word' id='word_1_167' title='bbox 1572 2359 1915 2442; x_wconf 85' lang='lat' dir='ltr'><strong>praecipue</strong></span> <span class='ocrx_word' id='word_1_168' title='bbox 1974 2360 2102 2423; x_wconf 89' lang='lat' dir='ltr'><strong>sint</strong></span> <span class='ocrx_word' id='word_1_169' title='bbox 2146 2362 2516 2437; x_wconf 85' lang='lat' dir='ltr'><strong>necessaria,</strong></span> 
     </span>
     <span class='ocr_line' id='line_1_22' title="bbox 308 2457 2515 2545; baseline 0 -20"><span class='ocrx_word' id='word_1_170' title='bbox 308 2468 520 2525; x_wconf 88' lang='lat' dir='ltr'><strong>tamen</strong></span> <span class='ocrx_word' id='word_1_171' title='bbox 580 2458 820 2545; x_wconf 88' lang='lat' dir='ltr'><strong>reliqua</strong></span> <span class='ocrx_word' id='word_1_172' title='bbox 877 2480 1017 2527; x_wconf 87' lang='lat' dir='ltr'><strong>cum</strong></span> <span class='ocrx_word' id='word_1_173' title='bbox 1076 2457 1510 2544; x_wconf 86' lang='lat' dir='ltr'><strong>disputatione</strong></span> <span class='ocrx_word' id='word_1_174' title='bbox 1561 2459 1744 2524; x_wconf 88' lang='lat' dir='ltr'><strong>nullo</strong></span> <span class='ocrx_word' id='word_1_175' title='bbox 1789 2459 1984 2525; x_wconf 83' lang='lat' dir='ltr'><strong>modo</strong></span> <span class='ocrx_word' id='word_1_176' title='bbox 2033 2471 2515 2527; x_wconf 87' lang='lat' dir='ltr'><strong>connectuntur.</strong></span> 
     </span>
     <span class='ocr_line' id='line_1_23' title="bbox 306 2563 2519 2650; baseline -0 -21"><span class='ocrx_word' id='word_1_177' title='bbox 306 2565 606 2650; x_wconf 90' lang='lat' dir='ltr'><strong>Denique</strong></span> <span class='ocrx_word' id='word_1_178' title='bbox 650 2563 799 2628; x_wconf 85' lang='lat' dir='ltr'><strong>finis</strong></span> <span class='ocrx_word' id='word_1_179' title='bbox 845 2566 1190 2650; x_wconf 81' lang='lat' dir='ltr'><strong>imponitur</strong></span> <span class='ocrx_word' id='word_1_180' title='bbox 1235 2567 1418 2648; x_wconf 89' lang='lat' dir='ltr'><strong>operi</strong></span> <span class='ocrx_word' id='word_1_181' title='bbox 1462 2563 1716 2629; x_wconf 82' lang='lat' dir='ltr'><strong>duobus</strong></span> <span class='ocrx_word' id='word_1_182' title='bbox 1774 2564 1956 2629; x_wconf 79' lang='lat' dir='ltr'><strong>libris</strong></span> <span class='ocrx_word' id='word_1_183' title='bbox 2000 2567 2309 2629; x_wconf 79' lang='lat' dir='ltr'><strong>artissime</strong></span> <span class='ocrx_word' id='word_1_184' title='bbox 2351 2567 2519 2629; x_wconf 88' lang='lat' dir='ltr'><strong>inter</strong></span> 
     </span>
     <span class='ocr_line' id='line_1_24' title="bbox 308 2665 2518 2756; baseline 0 -24"><span class='ocrx_word' id='word_1_185' title='bbox 308 2689 379 2732; x_wconf 86' lang='lat' dir='ltr'><strong>se</strong></span> <span class='ocrx_word' id='word_1_186' title='bbox 427 2670 783 2731; x_wconf 86' lang='lat' dir='ltr'><strong>coniunctis</strong></span> <span class='ocrx_word' id='word_1_187' title='bbox 828 2667 1008 2744; x_wconf 88' lang='lat' dir='ltr'><strong>MN,</strong></span> <span class='ocrx_word' id='word_1_188' title='bbox 1058 2665 1285 2752; x_wconf 86' lang='lat' dir='ltr'><strong>quibus</strong></span> <span class='ocrx_word' id='word_1_189' title='bbox 1331 2666 1808 2733; x_wconf 86' lang='lat' dir='ltr'><strong>Platonicorum</strong></span> <span class='ocrx_word' id='word_1_190' title='bbox 1856 2678 1920 2731; x_wconf 91' lang='lat' dir='ltr'><strong>et</strong></span> <span class='ocrx_word' id='word_1_191' title='bbox 1964 2667 2518 2756; x_wconf 81' lang='lat' dir='ltr'><strong>Pythagoreorum</strong></span> 
     </span>
     <span class='ocr_line' id='line_1_25' title="bbox 308 2770 2518 2857; baseline 0 -22"><span class='ocrx_word' id='word_1_192' title='bbox 308 2771 391 2835; x_wconf 91' lang='lat' dir='ltr'><strong>de</strong></span> <span class='ocrx_word' id='word_1_193' title='bbox 434 2774 713 2835; x_wconf 87' lang='lat' dir='ltr'><strong>numeris</strong></span> <span class='ocrx_word' id='word_1_194' title='bbox 758 2770 1042 2855; x_wconf 90' lang='lat' dir='ltr'><strong>ideisque</strong></span> <span class='ocrx_word' id='word_1_195' title='bbox 1089 2780 1493 2856; x_wconf 85' lang='lat' dir='ltr'><strong>exponuntur</strong></span> <span class='ocrx_word' id='word_1_196' title='bbox 1525 2781 1716 2857; x_wconf 88' lang='lat' dir='ltr'><strong>atque</strong></span> <span class='ocrx_word' id='word_1_197' title='bbox 1745 2771 2106 2836; x_wconf 86' lang='lat' dir='ltr'><strong>iudicantur</strong></span> <span class='ocrx_word' id='word_1_198' title='bbox 2135 2776 2518 2846; x_wconf 82' lang='lat' dir='ltr'><strong>sententiae3</strong></span> 
     </span>
     <span class='ocr_line' id='line_1_26' title="bbox 280 2874 2520 2964; baseline -0.001 -24"><span class='ocrx_word' id='word_1_199' title='bbox 280 2875 617 2961; x_wconf 44' lang='lat' dir='ltr'><strong>‚quilibri</strong></span> <span class='ocrx_word' id='word_1_200' title='bbox 662 2877 941 2960; x_wconf 81' lang='lat' dir='ltr'><strong>quamvis</strong></span> <span class='ocrx_word' id='word_1_201' title='bbox 989 2895 1127 2937; x_wconf 88' lang='lat' dir='ltr'><strong>cum</strong></span> <span class='ocrx_word' id='word_1_202' title='bbox 1173 2877 1369 2959; x_wconf 88' lang='lat' dir='ltr'><strong>prima</strong></span> <span class='ocrx_word' id='word_1_203' title='bbox 1428 2874 1838 2960; x_wconf 87' lang='lat' dir='ltr'><strong>philosophia</strong></span> <span class='ocrx_word' id='word_1_204' title='bbox 1890 2884 2033 2960; x_wconf 87' lang='lat' dir='ltr'><strong>apte</strong></span> <span class='ocrx_word' id='word_1_205' title='bbox 2080 2878 2383 2964; x_wconf 88' lang='lat' dir='ltr'><strong>coniungi</strong></span> <span class='ocrx_word' id='word_1_206' title='bbox 2430 2878 2520 2939; x_wconf 87' lang='lat' dir='ltr'><strong>vi-</strong></span> 
     </span>
     <span class='ocr_line' id='line_1_27' title="bbox 312 2976 2522 3064; baseline 0 -22"><span class='ocrx_word' id='word_1_207' title='bbox 312 2978 598 3056; x_wconf 86' lang='lat' dir='ltr'><strong>deantur,</strong></span> <span class='ocrx_word' id='word_1_208' title='bbox 644 2988 852 3042; x_wconf 87' lang='lat' dir='ltr'><strong>tamen</strong></span> <span class='ocrx_word' id='word_1_209' title='bbox 898 2999 1020 3041; x_wconf 89' lang='lat' dir='ltr'><strong>nec</strong></span> <span class='ocrx_word' id='word_1_210' title='bbox 1061 2998 1180 3063; x_wconf 88' lang='lat' dir='ltr'><strong>per</strong></span> <span class='ocrx_word' id='word_1_211' title='bbox 1224 2998 1294 3041; x_wconf 89' lang='lat' dir='ltr'><strong>se</strong></span> <span class='ocrx_word' id='word_1_212' title='bbox 1336 2976 1554 3041; x_wconf 88' lang='lat' dir='ltr'><strong>idonei</strong></span> <span class='ocrx_word' id='word_1_213' title='bbox 1600 2987 1750 3043; x_wconf 91' lang='lat' dir='ltr'><strong>sunt</strong></span> <span class='ocrx_word' id='word_1_214' title='bbox 1786 2977 1866 3042; x_wconf 81' lang='lat' dir='ltr'><strong>ad</strong></span> <span class='ocrx_word' id='word_1_215' title='bbox 1900 2978 2354 3064; x_wconf 88' lang='lat' dir='ltr'><strong>imponendum</strong></span> <span class='ocrx_word' id='word_1_216' title='bbox 2384 2980 2522 3043; x_wconf 88' lang='lat' dir='ltr'><strong>uni-</strong></span> 
     </span>
     <span class='ocr_line' id='line_1_28' title="bbox 310 3079 2522 3167; baseline 0.001 -24"><span class='ocrx_word' id='word_1_217' title='bbox 310 3104 537 3146; x_wconf 89' lang='lat' dir='ltr'><strong>versae</strong></span> <span class='ocrx_word' id='word_1_218' title='bbox 582 3079 999 3167; x_wconf 85' lang='lat' dir='ltr'><strong>disputationi</strong></span> <span class='ocrx_word' id='word_1_219' title='bbox 1041 3080 1251 3158; x_wconf 87' lang='lat' dir='ltr'><strong>finem,</strong></span> <span class='ocrx_word' id='word_1_220' title='bbox 1297 3099 1419 3144; x_wconf 88' lang='lat' dir='ltr'><strong>nec</strong></span> <span class='ocrx_word' id='word_1_221' title='bbox 1461 3102 1587 3166; x_wconf 92' lang='lat' dir='ltr'><strong>qua</strong></span> <span class='ocrx_word' id='word_1_222' title='bbox 1629 3084 1880 3146; x_wconf 88' lang='lat' dir='ltr'><strong>ratione</strong></span> <span class='ocrx_word' id='word_1_223' title='bbox 1928 3101 2066 3145; x_wconf 88' lang='lat' dir='ltr'><strong>cum</strong></span> <span class='ocrx_word' id='word_1_224' title='bbox 2114 3081 2371 3167; x_wconf 87' lang='lat' dir='ltr'><strong>reliquis</strong></span> <span class='ocrx_word' id='word_1_225' title='bbox 2417 3102 2522 3145; x_wconf 90' lang='lat' dir='ltr'><strong>co·-</strong></span> 
     </span>
     <span class='ocr_line' id='line_1_29' title="bbox 314 3183 2523 3273; baseline -0 -25"><span class='ocrx_word' id='word_1_226' title='bbox 314 3185 620 3250; x_wconf 87' lang='lat' dir='ltr'><strong>haereant</strong></span> <span class='ocrx_word' id='word_1_227' title='bbox 663 3206 698 3247; x_wconf 86' lang='lat' dir='ltr'><strong>a</strong></span> <span class='ocrx_word' id='word_1_228' title='bbox 734 3184 1121 3271; x_wconf 88' lang='lat' dir='ltr'><strong>philosopho</strong></span> <span class='ocrx_word' id='word_1_229' title='bbox 1160 3186 1313 3248; x_wconf 86' lang='lat' dir='ltr'><strong>satis</strong></span> <span class='ocrx_word' id='word_1_230' title='bbox 1343 3184 1621 3249; x_wconf 87' lang='lat' dir='ltr'><strong>dilucide</strong></span> <span class='ocrx_word' id='word_1_231' title='bbox 1653 3194 1749 3249; x_wconf 90' lang='lat' dir='ltr'><strong>est</strong></span> <span class='ocrx_word' id='word_1_232' title='bbox 1778 3185 2230 3273; x_wconf 67' lang='lat' dir='ltr'><strong>significatum</strong></span> <span class='ocrx_word' id='word_1_233' title='bbox 2277 3183 2523 3247; x_wconf 89' lang='lat' dir='ltr'><strong>accedit</strong></span> 
     </span>
     <span class='ocr_line' id='line_1_30' title="bbox 323 3287 2521 3373; baseline -0 -22"><span class='ocrx_word' id='word_1_234' title='bbox 323 3288 489 3372; x_wconf 87' lang='lat' dir='ltr'><strong>quod</strong></span> <span class='ocrx_word' id='word_1_235' title='bbox 545 3293 613 3352; x_wconf 90' lang='lat' dir='ltr'><strong>in</strong></span> <span class='ocrx_word' id='word_1_236' title='bbox 667 3287 837 3353; x_wconf 89' lang='lat' dir='ltr'><strong>libro</strong></span> <span class='ocrx_word' id='word_1_237' title='bbox 885 3287 973 3352; x_wconf 88' lang='lat' dir='ltr'><em>M</em></span> <span class='ocrx_word' id='word_1_238' title='bbox 1009 3310 1144 3373; x_wconf 85' lang='lat' dir='ltr'><strong>cap.</strong></span> <span class='ocrx_word' id='word_1_239' title='bbox 1191 3290 1250 3365; x_wconf 79' lang='lat'><strong>4,</strong></span> <span class='ocrx_word' id='word_1_240' title='bbox 1296 3290 1337 3352; x_wconf 85' lang='lat'>5</span> <span class='ocrx_word' id='word_1_241' title='bbox 1384 3288 1684 3353; x_wconf 89' lang='lat' dir='ltr'><strong>iudicium</strong></span> <span class='ocrx_word' id='word_1_242' title='bbox 1733 3288 1813 3354; x_wconf 91' lang='lat' dir='ltr'><strong>de</strong></span> <span class='ocrx_word' id='word_1_243' title='bbox 1857 3287 2185 3351; x_wconf 86' lang='lat' dir='ltr'><strong>Platonica</strong></span> <span class='ocrx_word' id='word_1_244' title='bbox 2236 3287 2521 3352; x_wconf 86' lang='lat' dir='ltr'><strong>idearum</strong></span> 
     </span>
     <span class='ocr_line' id='line_1_31' title="bbox 328 3390 2478 3479; baseline 0 -24"><span class='ocrx_word' id='word_1_245' title='bbox 328 3390 606 3457; x_wconf 89' lang='lat' dir='ltr'><strong>doctrina</strong></span> <span class='ocrx_word' id='word_1_246' title='bbox 654 3391 877 3457; x_wconf 90' lang='lat' dir='ltr'><strong>iisdem</strong></span> <span class='ocrx_word' id='word_1_247' title='bbox 923 3412 1130 3478; x_wconf 90' lang='lat' dir='ltr'><strong>prope</strong></span> <span class='ocrx_word' id='word_1_248' title='bbox 1173 3391 1385 3455; x_wconf 81' lang='lat' dir='ltr'><strong>verbis</strong></span> <span class='ocrx_word' id='word_1_249' title='bbox 1431 3391 1663 3456; x_wconf 80' lang='lat' dir='ltr'><strong>factum</strong></span> <span class='ocrx_word' id='word_1_250' title='bbox 1707 3390 1975 3479; x_wconf 82' lang='lat' dir='ltr'><strong>legimus</strong></span> <span class='ocrx_word' id='word_1_251' title='bbox 2011 3413 2085 3454; x_wconf 86' lang='lat' dir='ltr'><strong>ac</strong></span> <span class='ocrx_word' id='word_1_252' title='bbox 2117 3390 2288 3456; x_wconf 84' lang='lat' dir='ltr'><strong>libro</strong></span> <span class='ocrx_word' id='word_1_253' title='bbox 2314 3392 2385 3455; x_wconf 91' lang='lat' dir='ltr'><em>A</em></span> <span class='ocrx_word' id='word_1_254' title='bbox 2416 3395 2478 3456; x_wconf 88' lang='grc'><strong>9.</strong></span> 
     </span>
     <span class='ocr_line' id='line_1_32' title="bbox 449 3494 2524 3581; baseline -0.001 -20"><span class='ocrx_word' id='word_1_255' title='bbox 449 3498 627 3561; x_wconf 88' lang='lat' dir='ltr'><strong>Haec</strong></span> <span class='ocrx_word' id='word_1_256' title='bbox 668 3499 721 3560; x_wconf 88' lang='lat' dir='ltr'><strong>si</strong></span> <span class='ocrx_word' id='word_1_257' title='bbox 766 3498 905 3581; x_wconf 86' lang='lat' dir='ltr'><strong>quis</strong></span> <span class='ocrx_word' id='word_1_258' title='bbox 947 3494 1053 3558; x_wconf 84' lang='lat' dir='ltr'><strong>vel</strong></span> <span class='ocrx_word' id='word_1_259' title='bbox 1100 3495 1314 3559; x_wconf 90' lang='lat' dir='ltr'><strong>obiter</strong></span> <span class='ocrx_word' id='word_1_260' title='bbox 1357 3495 1838 3581; x_wconf 86' lang='lat' dir='ltr'><strong>perlustraverit</strong></span> <span class='ocrx_word' id='word_1_261' title='bbox 1881 3515 2015 3558; x_wconf 90' lang='lat' dir='ltr'><strong>non</strong></span> <span class='ocrx_word' id='word_1_262' title='bbox 2059 3498 2146 3559; x_wconf 90' lang='lat' dir='ltr'><strong>ita</strong></span> <span class='ocrx_word' id='word_1_263' title='bbox 2183 3515 2324 3559; x_wconf 87' lang='lat' dir='ltr'><strong>esse</strong></span> <span class='ocrx_word' id='word_1_264' title='bbox 2356 3515 2524 3558; x_wconf 88' lang='lat' dir='ltr'><strong>com-</strong></span> 
     </span>
     <span class='ocr_line' id='line_1_33' title="bbox 316 3598 2525 3686; baseline 0 -23"><span class='ocrx_word' id='word_1_265' title='bbox 316 3611 552 3686; x_wconf 84' lang='lat' dir='ltr'><strong>parata,</strong></span> <span class='ocrx_word' id='word_1_266' title='bbox 598 3611 669 3663; x_wconf 89' lang='lat' dir='ltr'><strong>ut</strong></span> <span class='ocrx_word' id='word_1_267' title='bbox 713 3602 1106 3684; x_wconf 81' lang='lat' dir='ltr'><strong>quaestionis</strong></span> <span class='ocrx_word' id='word_1_268' title='bbox 1150 3602 1253 3662; x_wconf 86' lang='lat' dir='ltr'><strong>via</strong></span> <span class='ocrx_word' id='word_1_269' title='bbox 1300 3620 1374 3662; x_wconf 92' lang='lat' dir='ltr'><strong>ac</strong></span> <span class='ocrx_word' id='word_1_270' title='bbox 1422 3602 1674 3664; x_wconf 90' lang='lat' dir='ltr'><strong>ratione</strong></span> <span class='ocrx_word' id='word_1_271' title='bbox 1718 3601 2042 3663; x_wconf 87' lang='lat' dir='ltr'><strong>institutae</strong></span> <span class='ocrx_word' id='word_1_272' title='bbox 2086 3602 2317 3663; x_wconf 89' lang='lat' dir='ltr'><strong>iustum</strong></span> <span class='ocrx_word' id='word_1_273' title='bbox 2362 3598 2525 3663; x_wconf 85' lang='lat' dir='ltr'><strong>refe-</strong></span> 
     </span>
     <span class='ocr_line' id='line_1_34' title="bbox 315 3701 2524 3788; baseline 0 -21"><span class='ocrx_word' id='word_1_274' title='bbox 315 3713 459 3767; x_wconf 88' lang='lat' dir='ltr'><strong>rant</strong></span> <span class='ocrx_word' id='word_1_275' title='bbox 518 3702 834 3781; x_wconf 88' lang='lat' dir='ltr'><strong>ordinem,</strong></span> <span class='ocrx_word' id='word_1_276' title='bbox 891 3702 1075 3767; x_wconf 80' lang='lat' dir='ltr'><strong>facile</strong></span> <span class='ocrx_word' id='word_1_277' title='bbox 1135 3701 1467 3767; x_wconf 85' lang='lat' dir='ltr'><strong>concedet.</strong></span> <span class='ocrx_word' id='word_1_278' title='bbox 1561 3702 1765 3767; x_wconf 88' lang='lat' dir='ltr'><strong>Cuius</strong></span> <span class='ocrx_word' id='word_1_279' title='bbox 1825 3702 2077 3788; x_wconf 87' lang='lat' dir='ltr'><strong>quidem</strong></span> <span class='ocrx_word' id='word_1_280' title='bbox 2135 3701 2524 3767; x_wconf 85' lang='lat' dir='ltr'><strong>difficultatis</strong></span> 
     </span>
     <span class='ocr_line' id='line_1_35' title="bbox 317 3806 2525 3894; baseline -0.001 -22"><span class='ocrx_word' id='word_1_281' title='bbox 317 3806 647 3872; x_wconf 87' lang='lat' dir='ltr'><strong>tollendae</strong></span> <span class='ocrx_word' id='word_1_282' title='bbox 706 3816 772 3872; x_wconf 92' lang='lat' dir='ltr'><strong>et</strong></span> <span class='ocrx_word' id='word_1_283' title='bbox 829 3809 1096 3894; x_wconf 82' lang='lat' dir='ltr'><strong>cogitari</strong></span> <span class='ocrx_word' id='word_1_284' title='bbox 1155 3809 1419 3871; x_wconf 89' lang='lat' dir='ltr'><strong>omnino</strong></span> <span class='ocrx_word' id='word_1_285' title='bbox 1476 3807 1696 3892; x_wconf 91' lang='lat' dir='ltr'><strong>potest</strong></span> <span class='ocrx_word' id='word_1_286' title='bbox 1747 3816 1813 3870; x_wconf 88' lang='lat' dir='ltr'><strong>et</strong></span> <span class='ocrx_word' id='word_1_287' title='bbox 1865 3816 2106 3870; x_wconf 86' lang='lat' dir='ltr'><strong>tentata</strong></span> <span class='ocrx_word' id='word_1_288' title='bbox 2150 3816 2249 3870; x_wconf 88' lang='lat' dir='ltr'><strong>est</strong></span> <span class='ocrx_word' id='word_1_289' title='bbox 2291 3827 2328 3869; x_wconf 88' lang='lat' dir='ltr'><strong>a</strong></span> <span class='ocrx_word' id='word_1_290' title='bbox 2371 3807 2525 3870; x_wconf 89' lang='lat' dir='ltr'><strong>viris</strong></span> 
     </span>
     <span class='ocr_line' id='line_1_36' title="bbox 318 3909 2525 3996; baseline -0.002 -20"><span class='ocrx_word' id='word_1_291' title='bbox 318 3911 527 3976; x_wconf 89' lang='lat' dir='ltr'><strong>doctis</strong></span> <span class='ocrx_word' id='word_1_292' title='bbox 575 3909 809 3996; x_wconf 85' lang='lat' dir='ltr'><strong>duplex</strong></span> <span class='ocrx_word' id='word_1_293' title='bbox 854 3913 984 3985; x_wconf 81' lang='lat' dir='ltr'><strong>via3</strong></span> <span class='ocrx_word' id='word_1_294' title='bbox 1046 3910 1227 3974; x_wconf 89' lang='lat' dir='ltr'><strong>alteri</strong></span> <span class='ocrx_word' id='word_1_295' title='bbox 1274 3912 1468 3989; x_wconf 85' lang='lat' dir='ltr'><strong>enim,</strong></span> <span class='ocrx_word' id='word_1_296' title='bbox 1523 3931 1685 3995; x_wconf 87' lang='lat' dir='ltr'><strong>quae</strong></span> <span class='ocrx_word' id='word_1_297' title='bbox 1729 3909 1941 3975; x_wconf 87' lang='lat' dir='ltr'><strong>obiter</strong></span> <span class='ocrx_word' id='word_1_298' title='bbox 1986 3931 2117 3974; x_wconf 84' lang='lat' dir='ltr'><strong>rem</strong></span> <span class='ocrx_word' id='word_1_299' title='bbox 2161 3911 2525 3996; x_wconf 85' lang='lat' dir='ltr'><strong>inspicienti</strong></span> 
     </span>
     <span class='ocr_line' id='line_1_37' title="bbox 319 4012 2527 4091; baseline 0 -14"><span class='ocrx_word' id='word_1_300' title='bbox 319 4013 571 4078; x_wconf 87' lang='lat' dir='ltr'><strong>diversa</strong></span> <span class='ocrx_word' id='word_1_301' title='bbox 620 4024 686 4078; x_wconf 92' lang='lat' dir='ltr'><strong>et</strong></span> <span class='ocrx_word' id='word_1_302' title='bbox 731 4014 1005 4077; x_wconf 87' lang='lat' dir='ltr'><strong>discreta</strong></span> <span class='ocrx_word' id='word_1_303' title='bbox 1046 4013 1414 4089; x_wconf 83' lang='lat' dir='ltr'><strong>videantur,</strong></span> <span class='ocrx_word' id='word_1_304' title='bbox 1473 4034 1548 4076; x_wconf 86' lang='lat' dir='ltr'><strong>ea</strong></span> <span class='ocrx_word' id='word_1_305' title='bbox 1609 4012 2043 4078; x_wconf 86' lang='lat' dir='ltr'><strong>demonstrare</strong></span> <span class='ocrx_word' id='word_1_306' title='bbox 2099 4014 2312 4076; x_wconf 89' lang='lat' dir='ltr'><strong>conati</strong></span> <span class='ocrx_word' id='word_1_307' title='bbox 2363 4022 2527 4091; x_wconf 87' lang='lat' dir='ltr'><strong>sunt,</strong></span> 
     </span>
     <span class='ocr_line' id='line_1_38' title="bbox 318 4115 2527 4205; baseline 0 -25"><span class='ocrx_word' id='word_1_308' title='bbox 318 4120 374 4181; x_wconf 90' lang='lat' dir='ltr'><strong>si</strong></span> <span class='ocrx_word' id='word_1_309' title='bbox 416 4121 553 4203; x_wconf 91' lang='lat' dir='ltr'><strong>quis</strong></span> <span class='ocrx_word' id='word_1_310' title='bbox 600 4117 969 4205; x_wconf 86' lang='lat' dir='ltr'><strong>diligentius</strong></span> <span class='ocrx_word' id='word_1_311' title='bbox 1014 4138 1147 4181; x_wconf 87' lang='lat' dir='ltr'><strong>rem</strong></span> <span class='ocrx_word' id='word_1_312' title='bbox 1193 4116 1609 4204; x_wconf 76' lang='lat' dir='ltr'><strong>indagaverit,</strong></span> <span class='ocrx_word' id='word_1_313' title='bbox 1654 4115 1757 4180; x_wconf 79' lang='lat' dir='ltr'><strong>vel</strong></span> <span class='ocrx_word' id='word_1_314' title='bbox 1805 4120 2014 4181; x_wconf 87' lang='lat' dir='ltr'><strong>omnia</strong></span> <span class='ocrx_word' id='word_1_315' title='bbox 2052 4115 2155 4181; x_wconf 86' lang='lat' dir='ltr'><strong>vel</strong></span> <span class='ocrx_word' id='word_1_316' title='bbox 2187 4128 2360 4181; x_wconf 91' lang='lat' dir='ltr'><strong>certe</strong></span> <span class='ocrx_word' id='word_1_317' title='bbox 2388 4116 2527 4202; x_wconf 86' lang='lat' dir='ltr'><strong>plu-</strong></span> 
     </span>
     <span class='ocr_line' id='line_1_39' title="bbox 317 4218 2528 4306; baseline 0 -23"><span class='ocrx_word' id='word_1_318' title='bbox 317 4222 475 4283; x_wconf 88' lang='lat' dir='ltr'><strong>rima</strong></span> <span class='ocrx_word' id='word_1_319' title='bbox 520 4230 669 4306; x_wconf 89' lang='lat' dir='ltr'><strong>apte</strong></span> <span class='ocrx_word' id='word_1_320' title='bbox 715 4222 1085 4297; x_wconf 81' lang='lat' dir='ltr'><strong>cohaerere3</strong></span> <span class='ocrx_word' id='word_1_321' title='bbox 1132 4219 1334 4299; x_wconf 89' lang='lat' dir='ltr'><strong>alteri,</strong></span> <span class='ocrx_word' id='word_1_322' title='bbox 1386 4230 1453 4284; x_wconf 90' lang='lat' dir='ltr'><strong>et</strong></span> <span class='ocrx_word' id='word_1_323' title='bbox 1493 4221 1559 4284; x_wconf 92' lang='lat' dir='ltr'><strong>hi</strong></span> <span class='ocrx_word' id='word_1_324' title='bbox 1606 4218 1855 4306; x_wconf 91' lang='lat' dir='ltr'><strong>quidem</strong></span> <span class='ocrx_word' id='word_1_325' title='bbox 1902 4224 2091 4284; x_wconf 82' lang='lat' dir='ltr'><strong>variis</strong></span> <span class='ocrx_word' id='word_1_326' title='bbox 2135 4220 2357 4297; x_wconf 89' lang='lat' dir='ltr'><strong>modis,</strong></span> <span class='ocrx_word' id='word_1_327' title='bbox 2403 4218 2528 4284; x_wconf 90' lang='lat' dir='ltr'><strong>dis-</strong></span> 
     </span>
     <span class='ocr_line' id='line_1_40' title="bbox 316 4319 2527 4412; baseline -0.001 -24"><span class='ocrx_word' id='word_1_328' title='bbox 316 4325 683 4412; x_wconf 85' lang='lat' dir='ltr'><strong>iungendos</strong></span> <span class='ocrx_word' id='word_1_329' title='bbox 729 4325 1038 4411; x_wconf 87' lang='lat' dir='ltr'><strong>aliterque</strong></span> <span class='ocrx_word' id='word_1_330' title='bbox 1084 4322 1526 4411; x_wconf 85' lang='lat' dir='ltr'><strong>disponendos</strong></span> <span class='ocrx_word' id='word_1_331' title='bbox 1562 4334 1946 4390; x_wconf 84' lang='lat' dir='ltr'><strong>censuerunt</strong></span> <span class='ocrx_word' id='word_1_332' title='bbox 1973 4319 2173 4388; x_wconf 87' lang='lat' dir='ltr'><strong>libros</strong></span> <span class='ocrx_word' id='word_1_333' title='bbox 2201 4324 2527 4410; x_wconf 79' lang='lat' dir='ltr'><strong>metaphy-</strong></span> 
     </span>
    </p>
   </div>
  </div>
 </body>
</html>
