3043 4973
528 226 672 304 150
1379 226 1452 302 B
1501 223 1570 306 3.
1646 221 1875 302 998&

527 403 994 468 monstratione
1053 397 1229 485 quod
1272 420 1577 486 generum
1623 401 1883 468 nomine
1930 400 2117 464 etiam
2147 396 2558 466 differentias
2599 417 2743 484 spe-

526 505 739 576 cificas
779 506 1093 572 contineri
1125 502 1486 574 Alexander
1523 502 1852 570 contendit
1887 525 1947 587 p.
1983 504 2127 580 158,
2158 504 2245 567 25
2291 500 2576 568 adhibito
2611 502 2741 566 To-

480 681 483 684 l
525 611 810 694 picorum
857 606 1075 672 locol
1115 610 1174 671 4.
1225 609 1382 674 10Ιὸ
1411 608 1511 684 18,
1561 605 1783 672 dubito
1830 627 1979 672 num
2022 615 2196 669 recte
2241 605 2494 679 fecerit3
2541 606 2742 669 conti-

526 720 758 774 nentur
815 732 969 774 sane
1023 713 1090 774 in
1137 709 1514 774 definitione
1564 719 1627 773 et
1669 730 1887 796 genus,
1917 713 2181 794 primum
2231 718 2296 773 et
2342 707 2742 774 differentiae

529 813 886 900 specificae,
934 813 1051 878 sed
1089 836 1276 899 quum
1312 816 1579 914 primum
1618 819 1687 878 ἐν
1722 813 1800 899 τῇ
1835 808 2152 880 ἀποδόσει
2185 814 2306 877 τοῦ
2347 813 2428 880 τί,
2457 816 2594 876 ἐστι
2626 830 2743 896 po-

528 917 810 986 nendum
854 921 939 986 sit
974 939 1215 1004 genus,
1259 917 1337 981 cf.
1386 919 1552 1003 Top.
1585 917 1680 980 Vl
1724 918 1785 981 5.
1836 918 1993 980 1421»
2031 917 2137 982 28.
2196 916 2291 979 IV
2323 917 2384 980 6.
2435 916 2598 982 1281:
2634 914 2739 980 24.

534 1021 655 1088 An.
700 1029 867 1105 post.
913 1020 973 1084 ΙΙ
1020 1023 1122 1086 13.
1171 1022 1294 1085 97α
1330 1023 1415 1088 25
1462 1043 1630 1105 sqq„
1687 1029 1860 1083 recte
1917 1041 2122 1106 genus
2166 1020 2545 1104 principium
2592 1017 2744 1082 dici-

533 1133 636 1188 tur
681 1121 1092 1188 definitionis.
1183 1124 1410 1209 Neque
1456 1123 1618 1188 illud
1662 1144 1928 1208 prorsus
1972 1123 2409 1207 probaverim,
2454 1120 2632 1206 quod
2675 1123 2744 1186 in

533 1225 733 1292 altera
779 1229 1357 1314 argumentatione:
1403 1218 1528 1294 κᾶν
1569 1231 1623 1294 εὶ
1657 1228 1796 1291 ἔστι
1825 1227 1959 1294 κτλ.
1999 1248 2077 1292 ex
2112 1225 2521 1312 ambiguitate
2554 1244 2745 1290 voca-

534 1328 671 1393 buli
716 1323 887 1406 εἷδος
931 1329 1424 1417 paralogismum
1472 1328 1618 1398 duci
1652 1327 2013 1396 Alexander
2053 1328 2207 1393 dicit
2240 1351 2301 1413 p.
2340 1329 2482 1402 159,
2514 1329 2573 1391 7.
2640 1326 2745 1390 Li-

532 1441 638 1498 cet
684 1435 849 1498 enim
898 1432 1318 1504 concedamus
1361 1434 1670 1523 distingui
1705 1456 1900 1520 posse
1935 1427 2124 1509 εἶδος,
2170 1430 2346 1516 quod
2381 1438 2746 1515 opponatur

534 1540 852 1613 materiae,
900 1546 966 1599 et
1010 1530 1199 1613 εἶδος,
1243 1536 1416 1622 quod
1464 1541 1690 1625 generi
1734 1538 2084 1604 subiectum
2131 1538 2227 1614 sit,
2274 1545 2485 1599 tamen
2532 1554 2605 1597 ea
2651 1534 2745 1600 in·-

535 1649 632 1704 ter
676 1649 1011 1725 utrumque
1055 1640 1396 1710 intercedit
1442 1640 1870 1718 necessitudo,
1912 1650 1983 1708 ut
2020 1641 2274 1704 minime
2310 1659 2482 1704 mera
2520 1640 2604 1702 sit
2634 1636 2746 1700 ho-

535 1745 896 1863 monmymia.
947 1744 1197 1808 Etenim
1235 1743 1398 1811 illud
1433 1739 1619 1820 εἶδος,
1658 1743 1832 1828 quod
1869 1744 2168 1809 materiae
2203 1744 2565 1827 opponitur,
2609 1741 2746 1806 sive

532 1840 576 1922 ἡ
625 1841 820 1910 οὐσία
867 1838 1024 1912 ἄνευ
1067 1843 1253 1930 ὕλης,
1313 1850 1726 1933 cognoscitur
1772 1845 2181 1924 definitione,
2240 1867 2404 1929 quae
2446 1840 2616 1918 εἶδος
2659 1841 2747 1908 al·-

535 1956 674 2012 tera
718 1946 1015 2014 vocabuli
1060 1950 1533 2037 significatione
1579 1952 1925 2016 constituit.

665 2052 836 2114 998a
882 2053 969 2116 23
1027 2048 1358 2135 πρώτων
1417 2074 1531 2116 cur
1590 2053 1992 2118 scribendum
2051 2061 2299 2137 putem,
2373 2070 2748 2134 quamquam

536 2152 725 2219 codd.
772 2174 980 2239 prope
1026 2174 1245 2226 omnes
1285 2155 1519 2222 habent
1555 2158 1908 2242 πρῶτον,
1954 2157 2222 2239 exposui
2256 2156 2323 2219 in
2355 2153 2514 2219 obs.
2546 2175 2612 2236 p.
2639 2152 2745 2217 52.

535 2254 640 2321 Cf.
682 2258 848 2320 1124:
895 2253 962 2334 ἐξ
1009 2247 1098 2322 ὧν
1143 2254 1512 2339 σύγκεινται
1550 2262 1632 2322 αἱ.
1659 2260 1880 2346 φωναὶ
1916 2258 2131 2324 πᾶσαι
2163 2253 2515 2342 πρώτων.
2582 2255 2656 2320 Α
2684 2257 2746 2318 3.

536 2361 698 2424 9836
724 2362 795 2424 8:
834 2356 904 2440 ,ἐξ
937 2348 1017 2438 οὗ
1044 2358 1681 2447 γίγνεταιπρώτου
1721 2397 1809 2410 -
1844 2362 2041 2427 τοῦτο
2079 2369 2419 2443 στοιχεῖον.
2486 2360 2548 2423 8.
2579 2359 2750 2424 98ὃό

536 2465 652 2528 35:
713 2463 1327 2547 στοιχειωδέστατον
1374 2502 1455 2514 -
1503 2462 1572 2543 ἐξ
1615 2455 1695 2529 οὗ
1748 2467 2088 2547 γίγνονται
2140 2465 2471 2549 συγκρίσει
2525 2456 2750 2528 πάντα

534 2562 876 2652 πρώτου.
935 2568 990 2630 Δ
1018 2568 1078 2631 3.
1116 2569 1324 2631 1014a
1349 2570 1462 2631 26:
1498 2575 1822 2651 στοιχεῖον
1855 2605 1933 2619 -
1967 2565 2037 2644 ἐξ
2067 2557 2147 2631 οὗ
2176 2562 2502 2648 σύγκειται
2532 2560 2750 2649 πρώ-

534 2692 676 2733 του
721 2663 1218 2752 ἐνυπάρχοντος.
1288 2671 1337 2734 Ι
1368 2673 1429 2734 1.
1475 2672 1679 2737 105ἳὸ
1709 2672 1819 2734 14:
1867 2680 2189 2753 στοιχεῖον
2232 2710 2319 2720 -
2364 2666 2468 2734 ὅτι
2512 2670 2650 2734 ἔστι
2686 2690 2751 2731 τι

535 2776 606 2835 ἐκ
649 2767 885 2836 τούτου
931 2768 1017 2846 ὡς
1060 2767 1384 2855 πρώτου
1428 2768 1925 2857 ἐνυπάρχοντος.
2008 2774 2236 2835 Waitz
2284 2772 2363 2836 ad
2409 2773 2529 2836 An.
2577 2781 2748 2856 post.

533 2874 563 2935 1
600 2876 661 2936 2.
703 2876 816 2937 710
849 2875 929 2936 16
965 2873 1307 2943 lectionem
1344 2874 1533 2941 codd.
1570 2875 1834 2960 πρῶτον
1868 2876 1929 2940 h.
1964 2875 2007 2939 1.
2047 2875 2361 2943 defendit:
2410 2895 2549 2938 esse
2582 2877 2750 2938 enim

534 2975 797 3056 πρῶτον
841 2975 1009 3041 idem
1057 2987 1252 3066 atque⁸
1291 2974 1504 3065 αἴτιον
1548 2976 1656 3040 vel
1700 2974 1890 3061 ἀρχή.
1957 2980 2104 3045 Hoc
2147 2999 2517 3063 quamquam
2553 2979 2752 3040 veris-

535 3080 759 3145 simum
807 3087 920 3159 est,
965 3088 1175 3142 tamen
1218 3101 1352 3145 non
1390 3079 1470 3144 ad
1506 3078 1829 3169 vulgatam
1865 3080 2225 3159 lectionem,
2269 3080 2384 3146 sed
2420 3080 2501 3147 ad
2539 3100 2751 3147 emen-

535 3181 860 3249 dationem
909 3181 1404 3249 confirmandam
1451 3194 1674 3269 potest
1711 3185 1965 3261 referri3
2011 3188 2299 3251 nimirum
2347 3183 2747 3261 elementum,

538 3306 611 3351 ex
657 3307 789 3373 quo,
834 3285 985 3370 quid
1031 3286 1131 3364 fit,
1180 3296 1275 3351 est
1319 3284 1533 3352 αἴτιον
1586 3291 1722 3355 sive
1768 3283 1956 3375 ἀρχή,
2004 3310 2136 3355 non
2176 3286 2259 3364 id,
2305 3286 2478 3373 quod
2517 3308 2594 3353 ex
2628 3285 2747 3351 illo

535 3396 896 3475 generatur,
945 3393 1167 3476 igitur:
1215 3386 1283 3467 ἐξ
1327 3381 1404 3454 οὗ
1445 3386 1769 3477 πρώτου
1810 3395 2120 3475 γίγνεται.
2161 3428 2247 3439 -
2286 3388 2749 3477 Distinguendi

535 3491 615 3557 ab
662 3492 757 3554 his
802 3490 961 3556 locis
1005 3513 1167 3577 quos
1205 3491 1387 3556 attuli
1431 3504 1494 3559 et
1530 3493 1837 3565 similibus
1871 3492 2156 3578 plurimis
2191 3504 2337 3557 sunt
2371 3496 2433 3571 ii,
2479 3494 2589 3561 ubi
2623 3513 2746 3578 pro

535 3591 604 3672 ἐξ
650 3585 729 3658 οὗ
774 3594 1148 3667 Aristoteles
1195 3597 1445 3680 scripsit
1489 3592 1693 3689 ὅθεν,
1736 3596 1936 3663 veluti
1980 3600 2035 3663 A
2082 3600 2137 3661 1.
2190 3599 2395 3662 1013a
2434 3599 2494 3677 4,
2539 3600 2578 3662 7
2594 3622 2609 3671 ;
2663 3595 2749 3661 ad

535 3690 707 3763 ὅθεν
767 3700 930 3763 enim
987 3719 1123 3763 non
1177 3707 1394 3781 potest
1440 3699 1590 3767 addi
1633 3703 1955 3787 genitivus
1998 3694 2261 3786 πρώτου
2306 3699 2412 3765 vel
2454 3694 2748 3788 πρώτων,

536 3799 651 3865 sed
697 3799 1058 3869 addendum
1106 3810 1203 3867 est
1247 3800 1389 3865 adv.
1424 3803 1717 3888 πρῶτον.

668 3905 834 3967 998a
861 3906 947 3969 25
995 3905 1146 3968 τῶν
1192 3900 1860 3990 διαγραμμάτων.
1925 3905 2091 3969 Voc.
2130 3900 2514 3990 διάγραμμα
2553 3927 2747 3990 quum

534 4009 791 4091 proprie
824 4006 1312 4095 descriptionem
1343 4012 1793 4095 geometricam
1826 4006 2159 4095 significet,
2207 4007 2284 4073 cf.
2319 4007 2477 4075 Plat.
2509 4008 2744 4077 Phaed.

538 4107 710 4184 73b,
759 4108 837 4174 ab
882 4109 1230 4175 Aristotele
1276 4115 1528 4196 saepius
1573 4114 1659 4177 ita
1706 4124 2067 4199 usurpatur,
2114 4122 2184 4177 ut
2227 4111 2412 4177 simul
2454 4114 2748 4197 proposi-

536 4213 776 4277 tionem
821 4211 928 4274 vel
975 4211 1580 4278 demonstrationem
1641 4215 2122 4300 complectatur,
2182 4215 2236 4279 A
2277 4218 2339 4280 3.
2384 4216 2593 4281 lona
2631 4218 2745 4283 35:

534 4307 618 4379 τοὶ
676 4316 805 4380 τῶν
863 4311 1379 4405 διαγραμμάτων
1412 4325 1727 4403 ,στοιχεῖα
1784 4319 2046 4407 Mysten·
2097 4319 2209 4385 καὶ
2266 4315 2434 4399 ὅλως
2487 4314 2574 4385 τὰ
2616 4319 2749 4389 τῶν
