3043 4973
1143 303 1224 372 Λ
1276 296 1342 371 5.
1427 298 1609 372 1071
1628 324 1695 372 α.
2373 297 2517 372 485

316 495 432 549 τος
474 475 594 556 μὲν
638 475 757 537 τοῦ
800 471 990 553 ἡλίου
1044 477 1293 558 γένεσίς
1348 478 1554 552 ἐστιν,
1612 467 1926 548 ἀπιόντος
1970 472 2038 538 δὲ
2083 474 2352 561 φθίσις,
2407 474 2519 538 καὶ

318 578 389 639 ἐν
430 573 548 658 ἴσῳ
580 572 798 660 χρόνῳ
837 573 1162 660 ἑκάτερον.
1238 578 1430 663 Phys.
1462 578 1521 641 11
1553 579 1612 641 2.
1649 579 1805 641 19:111
1833 576 1946 640 13:
1995 567 2359 660 ἄνθρωπος
2391 568 2518 661 γὰρ

316 672 687 763 ἄνθρωπον
729 678 932 761 γεννᾷ
972 682 1087 743 καὶ
1129 675 1330 757 ἥλιος.
1380 680 1458 743 cf.
1498 679 1577 743 ad
1617 682 1678 743 6.
1714 681 1924 744 1072ae
1953 680 2052 744 1⁰.
2132 678 2309 741 Haec
2354 697 2521 741 com·

318 782 524 843 munis
554 785 760 844 omnis
791 785 1223 868 generationis
1255 804 1440 846 causa
1472 800 1756 860 movenS,
1787 802 1968 867 quam
2003 777 2267 845 eandem
2298 776 2518 865 paullo

319 882 505 947 aliter
549 904 741 969 supra
782 888 1061 970 respexit
1106 886 1165 949 4.
1207 887 1416 950 107οα
1446 887 1564 949 34ε
1608 886 1702 948 ἔτι
1744 878 1967 969 παρὰ
2009 885 2270 950 ταῦτα
2312 878 2391 948 τὸ
2435 879 2521 959 ὡς

316 988 579 1070 πρῶτον
622 989 840 1051 κινοῦν
889 982 1111 1052 πάντα
1154 988 1276 1067 (ef.
1316 990 1374 1051 6.
1418 990 1628 1054 1072a
1659 991 1771 1068 9),
1831 985 2281 1074 distinguenda
2343 995 2440 1050 est
2483 1007 2517 1049 a

320 1099 595 1173 quatuor
636 1088 762 1153 illis
810 1092 1032 1168 causis,
1078 1112 1254 1175 quae,
1301 1110 1671 1176 quamquam
1717 1089 1941 1153 iisdem
1984 1089 2332 1176 generibus
2369 1109 2520 1153 con·

319 1194 615 1270 tinentnr,
662 1202 872 1255 tamen
918 1191 1080 1257 aliae
1124 1193 1262 1257 aliis
1308 1196 1373 1256 in
1419 1192 1611 1257 rebus
1654 1204 1720 1257 et
1763 1214 1916 1257 suae
1963 1196 2190 1277 cuique
2234 1195 2329 1256 rei
2374 1211 2521 1277 pro-

318 1290 496 1381 priae
540 1304 713 1372 sunt,
761 1296 838 1358 cf.
881 1297 1043 1360 ⁶15:
1101 1289 1319 1383 παρὰ
1362 1297 1606 1374 ταῦτα,
1668 1306 1731 1360 et
1776 1300 1938 1361 016:
1998 1290 2144 1361 οὔτε
2190 1290 2312 1374 ὕλη
2358 1288 2522 1361 ὄντα

322 1393 468 1463 οὔτε
515 1391 683 1473 εἶδος
729 1390 874 1462 οὔτε
925 1401 1222 1485 στέρησις
1269 1393 1415 1462 οὔτε
1463 1395 1781 1484 ὁμοειδές,
1841 1397 1949 1464 ubi
2005 1396 2255 1484 quidem
2301 1418 2419 1483 per
2460 1418 2521 1462 v.

322 1497 613 1583 ὁμοειδές
644 1499 1039 1588 significatur
1069 1501 1453 1589 singularum
1486 1524 1693 1567 rerum
1727 1523 1915 1566 causa
1945 1522 2209 1564 movens
2237 1521 2328 1577 ea,
2363 1519 2523 1584 quae

321 1606 684 1667 continetur
738 1607 804 1666 in
865 1603 987 1667 alia
1049 1604 1325 1668 eiusdem
1387 1609 1641 1692 generis
1701 1628 1774 1669 ac
1825 1605 2063 1690 speciei
2109 1625 2177 1669 re
2229 1610 2524 1665 concreta

323 1701 725 1793 (ἄνθρωπος
769 1700 1136 1792 ἄνθρωπον
1178 1709 1435 1791 γεννᾷ),
1481 1718 1553 1771 ut
1598 1719 1871 1794 quatuor
1916 1727 2240 1771 causarum
2286 1722 2522 1792 genera

325 1819 509 1873 antea
559 1812 838 1894 exposita
884 1810 980 1872 his
1024 1810 1235 1875 verbis
1295 1824 1656 1875 enumerata
1703 1815 1866 1875 sint.'
1941 1810 2130 1894 Atqui
2175 1810 2334 1872 haec
2377 1826 2521 1893 qna·

324 1923 473 1976 tuor
529 1932 851 1977 causarum
909 1935 1145 2000 genera
1203 1913 1424 1976 referri
1476 1912 1700 1977 docuit
1744 1912 1824 1978 ad
1869 1915 2197 1999 potentiae
2244 1922 2307 1976 et
2350 1920 2525 1975 actus

326 2015 677 2093 discrimen,
718 2017 1034 2090 b7—113
1083 2015 1162 2078 ab
1208 2014 1334 2078 iliis
1380 2018 1574 2103 igitur
1619 2020 1669 2080 si
1713 2026 1808 2080 est
1843 2017 2138 2080 distincta
2178 2014 2526 2078 communis

327 2122 657 2182 universae
717 2120 1151 2205 generationis
1216 2138 1400 2181 causa
1455 2121 1709 2196 motrix,
1776 2119 1998 2182 eadem
2063 2122 2246 2182 etiam
2311 2115 2525 2180 distin-

324 2220 579 2308 guenda
628 2232 723 2284 est
768 2243 803 2284 a
850 2224 1137 2307 potentia
1187 2231 1251 2284 et
1298 2230 1470 2297 actu,
1530 2232 1755 2307 utpote
1813 2219 2078 2308 singuiis
2137 2218 2524 2307 singularum

325 2326 805 2411 generationum
850 2325 1195 2409 principiis·
1272 2324 1417 2386 Hoc
1460 2333 1534 2387 nt
1576 2323 2196 2411 significetur·initio
2236 2324 2527 2388 enuntia-

327 2430 546 2505 tionis,
594 2425 1018 2513 recipiendam
1064 2426 1338 2491 arbitror
1384 2446 1519 2490 eam
1568 2429 2015 2504 coniecturam,
2063 2447 2245 2512 quam
2290 2444 2528 2512 propo—

328 2535 453 2595 suit
498 2542 561 2595 et
607 2530 745 2594 aliis
788 2543 1118 2616 praeterea
1177 2528 1530 2594 rationibus
1584 2530 2051 2595 commendavit
2095 2528 2332 2593 Trend.
2378 2530 2525 2594 Kat.

328 2658 388 2720 p.
423 2636 577 2698 193:
624 2627 837 2708 ἄλλως
880 2630 940 2696 δ’
980 2626 1024 2711 ἢ
1066 2636 1357 2718 ἐνεργείᾳ
1395 2635 1507 2697 καὶ
1543 2629 1819 2718 δυνάμει
1855 2633 2168 2722 διαφέρει,
2212 2635 2252 2695 i.
2286 2653 2341 2694 e.
2386 2629 2528 2694 reli-

328 2760 453 2825 qua
499 2755 824 2801 causarum
870 2757 1107 2823 genera
1155 2758 1341 2821 quum
1387 2739 1635 2822 possint
1676 2736 1899 2800 referri
1945 2734 2025 2799 ad
2067 2737 2418 2822 potentiam
2467 2743 2530 2798 et

332 2852 553 2919 aetum,
600 2838 1043 2926 distinguenda
1091 2840 1170 2903 ab
1217 2843 1293 2902 iis
1335 2849 1430 2902 est
1465 2849 1532 2904 et
1569 2839 1750 2904 aliter
1784 2862 1857 2904 ac
1889 2841 2220 2925 potentiae
2253 2849 2319 2902 et
2351 2844 2528 2902 actus

333 2944 692 3009 discrimine
739 2942 955 3007 differt
999 2945 1345 3007 communis
1386 2946 1668 3007 omnium
1706 2965 1915 3007 rerum
1946 2963 2132 3007 causa
2165 2943 2409 3006 motrix.
2445 2973 2524 2992 —--

331 3047 460 3112 Sed
519 3056 716 3111 restat
773 3057 1099 3132 praeterea
1160 3044 1501 3110 difficultas
1559 3050 1623 3111 in
1683 3046 1918 3110 verbis:
1979 3036 2070 3109 ὧν
2124 3040 2218 3129 μή
2265 3050 2439 3110 ἐστιν
2483 3040 2525 3122 ἡ

332 3145 501 3229 αὐτὴ
546 3146 700 3227 ὕλη,
754 3141 845 3214 ὧν
895 3147 1011 3214 οὐκ
1056 3151 1190 3213 ἔστι
1232 3142 1309 3212 τὸ
1355 3145 1516 3213 αὐτὸ
1565 3142 1736 3225 εἶδος
1779 3146 1924 3213 ἀλλ’
1964 3153 2211 3234 ἕτερον,
2265 3168 2430 3231 quae
2473 3148 2528 3209 si

333 3263 480 3317 sunt
523 3254 829 3340 genuina,
888 3273 1022 3316 non
1069 3252 1343 3314 arbitror
1385 3251 1512 3314 hoe
1553 3271 1748 3337 posse
1801 3249 2187 3337 significare:
2246 3240 2337 3314 ὧν
2382 3242 2527 3313 οὔτε

334 3352 376 3435 ἡ
423 3348 588 3432 αὐτὴ
635 3347 756 3433 ὕλη
803 3347 949 3418 οὕτε
994 3352 1068 3418 τὸ
1115 3346 1277 3417 αὐτὸ
1316 3348 1486 3427 εἶδός
1524 3358 1678 3431 ἐστι,
1724 3354 1801 3417 cf.
1841 3351 2077 3417 Trend.
2109 3352 2150 3416 l.
2187 3352 2229 3417 l.
2307 3354 2531 3438 Aptio-

333 3480 466 3521 rem
523 3459 677 3542 ipsis
729 3458 941 3520 verbis
997 3459 1584 3542 interpretationem
1634 3456 1925 3522 videmur
1983 3455 2269 3521 divinare
2320 3475 2530 3542 posse,

334 3564 387 3624 si
430 3562 948 3645 reputaverimus,
994 3579 1324 3626 commune
1370 3558 1531 3626 illud
1575 3563 1953 3647 principium
1995 3560 2530 3644 movens‘quam-

335 3685 518 3751 quam
565 3663 645 3728 ab
694 3663 987 3728 omnibus
1032 3674 1301 3748 quatuor
1344 3667 1550 3727 causis
1593 3663 2019 3752 distinguitur,
2061 3666 2404 3748 praecipue
2439 3668 2529 3723 ta·

336 3790 479 3832 men
526 3767 604 3831 ab
653 3789 726 3830 ea
776 3765 1287 3852 distinguendum
1335 3787 1504 3845 esse,
1563 3771 1664 3831 cui
1715 3767 2090 3831 simillimum
2137 3786 2277 3828 esse
2321 3761 2532 3827 videa-

336 3883 455 3948 tur,
499 3868 779 3958 singulas
825 3869 971 3933 dieo
1016 3869 1403 3957 singularum
1448 3891 1657 3934 rerum
1705 3891 1922 3934 causas
1965 3878 2315 3933 moventes.
2392 3868 2531 3930 Hae

340 3984 547 4038 autem
592 3984 740 4038 sunt
776 3976 990 4059 specie
1031 3972 1289 4040 eaedem
1334 3970 1672 4056 (ὁμοειδές
1709 3976 1901 4052 1117),
1946 3974 2205 4036 materia
2241 3972 2531 4036 diversae

342 4099 375 4140 a
421 4074 613 4140 rebus
659 4076 810 4140 inde
855 4079 1202 4164 generatis;
1248 4080 1596 4142 communis
1642 4095 1825 4140 eausa
1871 4078 2098 4139 motrix
2139 4096 2221 4138 ne
2256 4075 2531 4160 speeiem

316 4177 591 4263 'quidem
640 4178 902 4242 eandem
947 4179 1140 4244 habet
1184 4201 1258 4242 ae
1299 4200 1400 4243 res
1444 4189 1807 4266 generatae.
1878 4177 2036 4243 Inde
2080 4179 2251 4243 hune
2291 4182 2359 4241 in
2403 4197 2535 4240 mo-
2649 4259 2654 4263 .

341 4278 492 4345 dum
539 4284 830 4367 suspicor
873 4281 1029 4347 haec
1067 4283 1262 4346 verba
1303 4282 1668 4368 accipienda
1707 4304 1874 4347 esset
1921 4275 2133 4358 ἄλλως
2175 4279 2237 4346 δ’
2277 4276 2316 4360 ἢ
2358 4285 2533 4362 ἐνερ-

343 4384 486 4467 γείᾳ
519 4384 628 4450 καὶ
672 4380 944 4470 δυνάμει
978 4381 1241 4463 τούτων,
1272 4375 1380 4450 ,ὧν
1416 4381 1509 4470 μή
1548 4391 1727 4452 ἐστιν
1765 4383 1807 4465 ὴ
1843 4380 2013 4465 αὐτὴ
2052 4381 2174 4465 ὕλη
2209 4389 2283 4465 (i.
2313 4405 2365 4449 e.
2399 4384 2534 4449 τῶν
