3043 4973
528 239 674 313 26ss
1332 244 1400 313 A
1458 242 1568 314 19.
1655 240 1922 317 luz-za.

530 436 663 479 non
710 428 805 479 est
850 415 1104 481 aliunde
1150 438 1486 502 suspensa,
1549 439 1683 482 eam
1744 440 1817 482 ex
1874 417 2070 482 allato
2128 418 2419 505 exemplo
2467 427 2735 504 apparet

529 541 566 581 a
612 522 811 604 prima
855 520 1324 607 significatione
1371 543 1503 585 non
1549 520 1810 586 multum
1859 522 2137 586 differre.
2190 560 2268 573 —-
2330 522 2577 608 Quinto
2624 517 2739 587 de-‘

527 625 719 707 nique
766 623 914 687 loco
956 626 1120 689 1135:
1179 626 1272 688 ἔτι
1329 620 1458 689 ὅσα
1517 621 1699 710 μόνῳ
1756 620 2028 709 ὑπάρχει
2083 628 2195 691 καὶ
2239 617 2279 712 ᾗ
2321 623 2561 710 μόνον,
2621 628 2735 692 du-

528 725 696 790 bium
752 730 857 790 vix
916 731 1220 812 estquin
1276 722 1351 792 τὸ
1408 726 1576 793 ἴδιον
1635 731 1896 815 proprio
1956 728 2140 793 huius
2195 729 2496 795 vocabuli
2542 753 2732 797 sensu

532 829 907 894 Aristoteles
951 830 1295 917 significari
1340 830 1634 910 voiuerit,
1680 834 1758 897 cf.
1809 834 1976 917 Top.
2016 833 2045 896 1
2091 835 2154 897 5.
2203 833 2370 898 1021:
2408 838 2518 900 18:
2563 834 2736 901 ἰ’διον

529 929 587 996 δ’
627 935 803 997 ἐστὶν
848 927 886 997 ὃ
931 926 1023 1015 μὴ
1071 935 1262 1012 δηλοῖ
1303 937 1422 1018 μὲν
1474 933 1552 999 τὸ
1611 939 1674 1000 τί
1730 926 1815 1015 ἦν
1874 932 2064 1012 εἶναι,
2123 931 2307 1020 μόνῳ
2337 934 2424 1007 ,δ’
2462 935 2739 1028 ὑπάρχει

530 1037 641 1101 καὶ
684 1031 1292 1123 ἀνι-κατηγορεῖται
1335 1040 1452 1102 τοῦ
1496 1034 1913 1124 πράγματος,
1960 1036 2104 1104 οἷον
2147 1037 2318 1106 ἴδιον
2364 1038 2740 1126 ἀνθρώπου

529 1133 605 1204 τὸ
650 1143 1110 1225 γραμματικῆς
1153 1136 1319 1205 εἶναι
1365 1138 1658 1207 δεκτικόν
1703 1145 1867 1219 κτλ,
1913 1165 1991 1206 ae
2030 1154 2283 1229 praeter
2327 1144 2490 1210 alios
2537 1148 2742 1232 Topi-

527 1264 747 1308 corum
786 1244 967 1309 locos
1006 1244 1313 1330 plurimos
1349 1248 1711 1310 universum
1747 1245 1975 1311 librum
2007 1249 2088 1326 V,
2129 1252 2233 1333 qui
2265 1251 2332 1313 in
2365 1248 2740 1314 excutienda

531 1347 650 1411 τοῦ
693 1348 862 1413 ἰδίου
905 1358 1128 1413 natura
1170 1358 1473 1415 versatur.
1542 1348 1618 1415 Id
1662 1372 1821 1415 vero
1867 1354 1920 1414 si
1963 1350 2172 1417 voluit
2203 1353 2309 1416 Ar.
2356 1354 2739 1441 significare,

531 1450 821 1536 equidem
879 1473 1011 1517 non
1069 1451 1397 1540 intelligo,-
1452 1454 1782 1538 quomodo
1840 1454 2121 1520 scribere
2176 1460 2459 1542 potuerit
2501 1449 2544 1537 ἦ
2587 1451 2740 1541 μό-

521 1576 702 1633 Ινον,
758 1555 1160 1621 scribendum
1210 1561 1421 1643 potius
1468 1570 1607 1622 erat
1648 1548 1687 1648 ᾗ
1732 1555 1982 1642 μόνῳ,
2043 1582 2225 1645 quam
2281 1561 2623 1626 lectionem
2672 1572 2742 1625 et

534 1658 848 1726 editiones
878 1660 1023 1726 Ald.
1056 1660 1241 1746 Sylb.
1278 1671 1343 1725 et
1370 1665 1551 1727 Bess.
1601 1661 1919 1727 exhibent.
1998 1665 2136 1728 Nee
2180 1669 2464 1751 proxima
2509 1664 2740 1729 verba:

529 1758 633 1827 διὸ
689 1759 770 1829 τὸ
831 1767 1303 1851 κεχωρισμένον
1360 1763 1529 1831 καθ’
1575 1761 1756 1843 αὑτό,
1816 1766 2115 1833 videntur
2166 1768 2461 1855 explicari
2513 1790 2739 1855 posse3

532 1870 763 1932 etenim
807 1864 888 1931 τὸ
930 1873 1403 1953 κεχωρισμένον
1448 1871 1550 1932 vix
1592 1869 1780 1936 aliter
1823 1873 2125 1956 accipias,
2186 1896 2371 1958 quam
2415 1884 2487 1938 ut
2528 1876 2611 1936 sit
2652 1871 2741 1949 id,

532 1970 704 2054 quod
761 1993 878 2057 per
934 1994 1003 2036 se
1063 1984 1126 2035 et
1171 1972 1462 2038 absolute
1510 1983 1611 2037 est
1653 1995 1862 2058 neque
1908 1975 2080 2040 aliud
2125 1978 2464 2064 quidquam
2509 1976 2592 2040 ad
2640 1998 2742 2040 ex-

534 2077 878 2139 sistentiam
925 2079 1205 2162 requirit,
1254 2075 1331 2140 cf.
1371 2076 1450 2140 ad
1491 2078 1555 2140 Z
1582 2079 1639 2141 1.
1683 2080 1893 2144 10280
1918 2082 2032 2156 34;
2080 2080 2551 2168 quodquidam
2597 2101 2740 2143 cum

532 2188 755 2242 natura
800 2182 920 2245 τοῦ
964 2181 1136 2245 ἰδίου
1179 2179 1358 2244 nulio
1405 2179 1603 2245 modo
1650 2182 1968 2247 cohaeret.
2044 2186 2160 2250 His
2205 2197 2277 2250 ut
2318 2185 2576 2250 medear
2618 2183 2744 2248 dif-

530 2280 935 2361 ficultatibuS,
980 2286 1273 2368 suspicor
1318 2284 1723 2350 scribendum
1771 2307 1938 2350 esse:
1993 2288 2088 2352 ἔτι
2132 2282 2259 2353 ὅσα
2303 2284 2486 2372 μόνῳ
2527 2284 2742 2368 ὑπάρ-

524 2406 627 2468 χει
672 2386 783 2449 καὶ
833 2376 876 2476 ᾗ
929 2382 1181 2471 μόνῳ,
1239 2382 1459 2450 διότι
1514 2391 1668 2467 (int.
1727 2391 1922 2456 τοῦτο
1981 2391 2083 2455 vel
2143 2394 2484 2472 τοιοῦτον)
2543 2415 2740 2475 κεχω-

531 2494 839 2575 ρισμένον
894 2490 1062 2556 καθ’
1105 2486 1298 2569 αὑτό,
1354 2492 1412 2554 h.
1448 2514 1502 2556 e.
1565 2493 1794 2558 dieitur
1851 2492 2017 2559 καθ’
2066 2489 2233 2560 αὑτὰ
2288 2492 2626 2583 ὑπάρχειν,
2684 2499 2739 2560 si

532 2594 682 2679 quid
730 2595 854 2659 soii
900 2594 1088 2661 alicui
1132 2598 1226 2659 rei
1273 2595 1597 2673 tribuitur,
1656 2608 1968 2682 quatenus
2026 2599 2152 2682 soli
2212 2599 2531 2676 tribuitur,
2591 2602 2736 2684 quia

531 2701 617 2761 ita
668 2721 741 2763 ea
787 2722 910 2778 reS,
952 2704 1051 2764 cui
1098 2699 1224 2765 soli
1267 2699 1429 2765 illud
1474 2700 1786 2779 tribuitur,
1831 2701 2074 2767 seclusa
2122 2726 2157 2765 a
2204 2703 2461 2788 reliquis
2507 2725 2625 2788 per
2666 2725 2736 2767 se

534 2812 650 2867 est.
739 2805 823 2866 Et
878 2801 1047 2868 διότι
1101 2803 1353 2889 quidem
1400 2822 1521 2888 pro
1568 2799 1673 2869 διὸ
1720 2801 1798 2869 τό
1845 2828 1918 2870 ex
1964 2828 2070 2893 mg
2115 2805 2256 2870 cod.
2302 2807 2375 2873 E
2414 2818 2739 2872 enotatum

534 2916 661 2980 est;
712 2928 855 2970 voc,
903 2905 1280 2995 ὡρισμένον,
1327 2908 1503 2992 quod
1548 2907 1715 2973 idem
1763 2909 1904 2973 cod.
1951 2909 2147 2973 habet
2190 2930 2309 2996 pro
2356 2914 2742 2997 κεχωρισμέ-

532 3031 680 3086 νον,
740 3010 1019 3095 probare
1078 3010 1527 3089 dubitaverim,
1586 3034 1960 3098 quamquam
2020 3024 2232 3099 aptum
2293 3023 2419 3092 est,
2475 3018 2617 3098 quia
2662 3037 2742 3079 ex

534 3134 676 3179 voc.
720 3117 1194 3198 κεχωρισμένον
1236 3107 1879 3201 fataliusexplicatur
1916 3139 2047 3181 var.
2091 3117 2236 3182 lect.
2273 3109 2740 3203 κεχρωσμένον.

534 3217 661 3283 Sed
721 3241 869 3282 num
928 3219 1047 3281 hac
1105 3222 1469 3285 coniectura
1532 3224 1875 3306 genuinam
1927 3225 2300 3306 scripturam
2344 3222 2493 3287 mihi
2539 3225 2741 3287 eonti-

533 3325 701 3408 gerit
744 3325 1108 3401 restituisse,
1154 3344 1548 3410 magnopere
1593 3323 1849 3400 dubito;
1901 3324 2259 3390 Alexander
2300 3329 2422 3391 iam
2466 3324 2740 3391 eundem

533 3423 755 3488 habuit
800 3436 1052 3503 textum,
1097 3430 1206 3511 qui
1248 3448 1421 3491 nunc
1462 3427 1777 3514 vulgatur.

666 3527 769 3590 De
818 3528 1087 3592 formula
1131 3526 1297 3592 καθ’
1337 3525 1501 3594 αὑτό
1548 3531 1626 3595 cf.
1671 3531 1749 3595 ad
1783 3534 1846 3596 Z
1872 3538 1930 3597 4.
1966 3534 2175 3597 102911
2202 3533 2303 3611 14,
2332 3535 2437 3597 29.
2501 3533 2736 3597 Treud.

537 3632 685 3695 Kat.
732 3654 793 3716 p.
826 3633 945 3707 59;
993 3631 1153 3696 alios
1200 3630 1391 3697 locos
1428 3635 1633 3714 Arist„
1678 3640 1785 3721 qui
1829 3648 1977 3701 sunt
2022 3636 2103 3700 de
2150 3637 2370 3700 eadem
2419 3647 2512 3713 re,
2549 3635 2743 3701 colle-

535 3737 632 3823 git
679 3736 900 3801 Waitz
943 3736 1108 3823 Org.
1156 3738 1227 3800 5⁶
1270 3739 1370 3801 16.

1390 4000 1619 4075 CAP.
1685 4001 1891 4075 XIX.

669 4161 993 4227 Vocabuli
1051 4159 1441 4238 διάθεσις
1495 4163 2030 4251 significationem
2092 4186 2166 4228 ex
2220 4167 2358 4249 ipsa
2419 4166 2553 4228 eius
2608 4176 2740 4248 ety-

535 4264 819 4354 mologia
857 4268 962 4330 Ar.
1002 4276 1298 4352 repetere
1335 4265 1565 4341 studet,
1610 4266 1726 4331 sed
1770 4289 1892 4332 nee
1934 4270 2262 4332 notionem
2305 4278 2596 4331 accurate
2633 4266 2739 4331 de-

537 4372 693 4450 finit,
740 4381 811 4436 ut
842 4393 880 4435 a
910 4370 1284 4435 notionibus
1323 4369 1638 4448 affinibus,
1685 4369 1883 4435 veluti
1924 4368 2063 4450 ἕξις,
2107 4367 2355 4450 πάθος,
2394 4370 2739 4459 distingua-
