3043 4973
463 232 612 307 202
704 233 707 236 ’
1296 231 1478 306 Γ5.
1559 228 1832 305 100911.

465 431 605 475 sum
658 408 1048 475 intellexisse
1102 413 1481 497 persuasum
1533 406 1761 473 habeo.
1837 405 2259 474 -Cotifirmare
2317 408 2483 472 enim
2532 406 2673 474 vult

464 514 592 578 boc
643 533 863 592 versu,
920 522 1162 578 mutata
1223 514 1413 577 animi
1472 511 1848 578 conditione
1910 504 2494 596 (μεταβάλλοντας
2530 507 2675 590 ,τὴν

465 615 635 697 ἕξιν)
672 619 903 681 mutari
940 615 1129 681 simul
1160 637 1460 681 sensuum
1494 618 1965 703 perceptiones,
2004 624 2069 679 et
2100 613 2322 679 eadem
2351 617 2419 679 vi
2445 624 2673 701 postea

464 719 654 784 affert
675 714 904 785 ὅσσον
950 717 1210 785 ἀλλοῖοι
1251 721 1565 809 μετέφυνε
1609 723 1823 807 itaque
1869 740 2059 804 quum
2109 717 2379 784 eundem
2423 722 2495 783 in
2538 740 2673 783 mo-

465 822 611 888 dum
656 821 934 911 intelligi
972 821 1135 896 velit
1175 818 1720 908 μετάβάλλοντας
1760 817 1884 903 τὴν
1928 820 2059 901 ἔξω)
2108 833 2173 888 et
2214 816 2384 910 πρὸς
2423 818 2674 910 παρεόν

465 937 531 990 et
570 920 782 992 ὅσσον
824 923 1084 991 ἀλλοῖοι
1124 930 1426 1014 μετέφυν,
1470 927 1669 992 verba
1712 920 1882 1013 πρὸς
1914 922 2166 1014 παρεόν
2206 929 2291 991 ita
2325 930 2546 1011 potius
2584 930 2674 990 vi-

465 1029 653 1095 detur
688 1032 1035 1117 accepisset
1078 1052 1217 1116 pro.
1240 1051 1320 1095 eo
1359 1039 1534 1096 statu
1567 1034 1771 1112 animi,
1810 1034 1918 1117 qui
1955 1033 2183 1117 cuique
2217 1029 2414 1094 adest.
2486 1028 2673 1114 Quae

465 1132 718 1220 quidem
767 1134 1101 1220 explicatio
1136 1133 1501 1202 Aristotelis
1543 1141 1754 1200 utrum
1800 1155 1951 1198 vera
1993 1136 2080 1198 sit
2124 1156 2206 1198 an
2249 1133 2672 1221 praeferenda

463 1243 682 1325 potius
724 1241 1145 1324 interpretum
1186 1242 1521 1318 sententia,
1541 1248 1695 1304 tum
1739 1237 1990 1303 demum
2038 1237 2296 1303 decerni
2332 1237 2574 1315 liceret,
2615 1240 2674 1301 si

464 1345 826 1407 universum
873 1343 1322 1429 disputationis
1365 1346 1666 1430 poeticae
1707 1342 1999 1408 ordinem
2045 1345 2374 1434 cognitum
2413 1341 2673 1406 habere«,

462 1468 629 1522 mus3
686 1446 804 1511 sed
859 1445 972 1511 ille
1028 1468 1253 1512 versus
1310 1468 1446 1512 non
1497 1458 1595 1512 est
1636 1446 1903 1512 traditus
1947 1450 2073 1512 nisi
2116 1447 2195 1512 ab
2241 1450 2384 1533 ipso
2419 1446 2674 1526 ‘Aristo-

464 1549 595 1614 tele
638 1553 900 1636 eiusque
945 1551 1525 1638 interpretibus,.,et
1564 1554 1884 1617 seiunctus
1922 1550 2176 1637 quidem·
2209 1572 2247 1614 a
2286 1549 2564 1636 reliquis.
2590 1586 2672 1606 --

464 1653 566 1718 Ad
613 1653 879 1719 eandem
925 1659 1308 1720 sententiam
1342 1660 1690 1742 pertinent
1730 1676 1955 1720 versus
2000 1653 2400 1720 Parmenidei
2445 1655 2671 1721 145*

467 1760 597 1824 148
642 1760 787 1824 Kst.
842 1758 965 1839 (de
1025 1781 1295 1846 quorum
1334 1769 1534 1824 textu.
1582 1759 1674 1832 cf„
1707 1760 1994 1824 Brandis·
2027 1769 2094 1824 et
2135 1757 2404 1824 Kst.'ad
2446 1758 2508 1821 b.
2549 1761 2672 1843 v.),

466 1862 694 1949 quibus
742 1885 778 1927 e
830 1867 1136 1949 temperie
1194 1866 1486 1949 corporis
1545 1864 1851 1927 constitui
1908 1862 2060 1927 dicit
2102 1862 2510 1927 Parmenides
2568 1883 2676 1926 co-

464 1969 783 2054 gnitionis
819 1976 1134 2043 naturam3
1179 1965 1343 2032 illud
1384 1970 1553 2033 enim
1577 1970 1800 2053 ipsum,
1845 1965 2496 2053 quocompleaturet
2525 1987 2677 2030 con-

464 2069 716 2135 ficiatur
772 2092 1007 2156 corpus
1065 2064 1180 2150 (τὰ
1237 2073 1439 2138 πλέον
1493 2074 1538 2136 i.
1578 2092 1634 2136 e.
1695 2064 1774 2136 τὸ
1826 2070 2121 2154 ἔμπλεων
2163 2071 2243 2134 cf.
2286 2093 2350 2134 v.
2397 2072 2498 2148 79,
2548 2070 2673 2134 123

388 2189 393 2194 ·
465 2175 636 2253 Kst„
694 2172 803 2239 alii
860 2173 1209 2262 significari
1265 2184 1496 2261 putant
1544 2174 1723 2261 plus
1767 2173 1874 2239 vel
1918 2172 2342 2259 plurimum
2382 2172 2491 2238 vel
2533 2193 2672 2259 po-
2748 2177 2756 2183 '

462 2281 800 2355 ten-tius,
849 2277 928 2342 cf.
976 2277 1246 2343 Brandis
1287 2277 1520 2343 Gesch.
1566 2279 1613 2342 1.
1658 2301 1722 2364 p.
1754 2277 1905 2343 392.
1964 2275 2179 2342 Zeller
2209 2277 2323 2342 Ph.
2369 2276 2432 2342 d.
2470 2277 2586 2343 Gr.
2619 2277 2674 2341 1.

464 2405 529 2468 p.
564 2384 710 2462 57),
754 2384 1415 2468 essecogitationem.
1459 2421 1551 2433 —-
1602 2381 1802 2467 Quod
1848 2392 2058 2447 autem
2103 2383 2418 2447 Homerus
2462 2386 2538 2445 in,
2572 2365 2676 2446 ea-

466 2484 610 2551 dem
668 2486 866 2567 fuisse
923 2489 1234 2572 opinione
1289 2485 1690 2573 perhibetur,
1750 2508 1827 2552 ea
1879 2489 1939 2551 si
1998 2508 2121 2572 qua
2179 2497 2277 2552 est
2320 2483 2676 2577 esplicandi

465 2588 789 2654 subtilitas
831 2610 967 2654 non
1014 2600 1111 2655 est
1155 2588 1491 2655 tribuenda
1510 2589 1903 2669 —-Aristoteli,
1961 2593 2068 2676 qui
2127 2600 2193 2693 et
2244 2612 2360 2677 per
2407 2589 2674 2654 verbum

467 2695 639 2782 φασί
695 2693 1032 2757 manifesto
1090 2693 1251 2758 alios
1308 2696 1496 2760 huius
1557 2694 1993 2781 explicationis
2050 2704 2343 2759 auctores
2398 2697 2676 2781 respicit,

467 2804 537 2860 et
576 2795 731 2860 alibi
773 2796 925 2860 talia
971 2818 1275 2882 quaerere
1319 2809 1574 2863 recusat
1608 2799 1680 2862 A
1709 2801 1771 2864 3.
1818 2799 1980 2863 983⁶
2004 2799 2110 2863 33.
2186 2799 2261 2863 In
2305 2809 2523 2863 nostra
2565 2821 2678 2863 au-

466 2908 592 2962 tem
638 2900 960 2964 Homerici
1016 2909 1224 2965 textus
1281 2906 1659 2966 recensione
1715 2923 1849 2966 non
1898 2901 2028 2989 legi
2071 2900 2250 2967 illum
2293 2923 2545 2967 versum
2591 2901 2674 2965 ab

467 3001 817 3067 Aristotele
882 3003 1234 3083 laudatum,
1301 3015 1368 3070 et
1432 3004 1548 3069 ubi
1611 3026 1756 3070 eum
1823 3005 2054 3071 lectum
2124 3027 2262 3070 esse
2328 3009 2674 3095 antiquitus

467 3106 833 3171 verisimile.
861 3111 971 3185 sit,
1024 3111 1286 3194 exponit
1332 3107 1637 3174 Trendel.
1679 3108 1763 3174 de
1808 3113 1994 3175 anim.
2040 3111 2072 3175 1
2113 3112 2173 3175 2.
2221 3112 2383 3175 404⁶
2415 3112 2519 3187 29,
2563 3109 2674 3174 ubi

465 3209 633 3275 idem
677 3233 901 3277 versus
946 3203 1324 3278 Homericus
1383 3211 1737 3278 adhibetur.
1805 3214 1906 3278 cf..
1934 3214 2128 3280 Polit.
2172 3216 2262 3280 111
2317 3218 2415 3279 14.
2464 3216 2674 3280 1285«-

408 3306 413 3312 ’
466 3316 570 3379 13.
633 3316 786 3379 vlu
822 3317 883 3380 3.
926 3317 1132 3381 :338⁶
1163 3318 1250 3381 25
1296 3327 1363 3382 et
1405 3319 1667 3404 interpr.
1715 3318 1798 3383 ad
1842 3319 1904 3383 h.
1931 3318 1982 3386 ·l.
2020 3356 2099 3373 --
2149 3318 2452 3386 Ceterum
2479 3317 2674 3406 quod

369 3409 373 3413 ’
463 3417 845 3485 Aristoteles
886 3418 1341 3505 Empedoclem
1381 3420 1822 3503 Parmenidem
1861 3424 2300 3512 Anaxagoram
2340 3422 2512 3488 idem
2554 3432 2676 3488 sta-

464 3526 663 3605 tuisse
718 3522 879 3587 dicit
931 3526 1257 3603 αἲσθησιν
1318 3534 1382 3590 et
1432 3522 1792 3612 φρόνησιν,
1847 3549 2148 3593 sensuum
2195 3531 2674 3615 perceptionem

467 3637 534 3691 et
582 3629 1024 3715 ¹cognitionem
1078 3627 1486 3708 rationalem,
1543 3631 1893 3696 cavendum
1952 3640 2054 3698 est
2094 3652 2179 3696 ne
2223 3635 2361 3697 eius
2405 3634 2674 3698 auetori-

465 3733 579 3795 tati
622 3734 879 3797 nimium
923 3731 1081 3797 fidei
1116 3731 1478 3798 babeamus,
1548 3734 1967 3823 Anaxagorae
1997 3734 2195 3800 modo
2224 3756 2449 3800 vocem
2480 3756 2675 3821 quan-

465 3832 608 3898 dam
655 3835 872 3914 affert,
929 3857 1111 3922 quam
1168 3835 1349 3901 licet·
1376 3835 1720 3924 largiamur
1766 3838 1848 3903 id.
1880 3842 2242 3923 continere,
2301 3839 2475 3925 quod
2520 3838 2675 3904 inde

463 3937 607 4002 vult
664 3937 1000 4026 colligere,
1059 3938 1126 4005 id
1182 3939 1357 4026 quod
1418 3940 1709 4026 equidem
1767 3964 1899 4009 non
1957 3964 2152 4029 posse
2199 3944 2467 4011 concedi
2512 3944 2676 4009 arbi-

464 4050 630 4121 tror,
687 4064 871 4127 qnam
922 4042 1203 4109 nibil-ex
1247 4043 1479 4110 tradita
1526 4045 1837 4125 eiusmodi
1882 4069 2000 4133 per
2041 4048 2267 4112 famam
2312 4070 2477 4113 voce
2522 4069 2675 4114 con·

344 4194 351 4203 .
464 4144 636 4210 eludi
674 4144 907 4210 debeat
943 4147 1342 4214 manifestum
1384 4159 1497 4215 est.
1568 4149 2023 4230 Parmenidem,
2064 4155 2175 4237 qui
2211 4174 2510 4218 sensuum
2547 4156 2675 4218 evi·

465 4248 740 4316 dentiam
799 4260 1136 4337 tantopere
1195 4246 1676 4340 contempserit,
1734 4264 1806 4319 ut
1860 4275 2088 4320 caecos
2139 4265 2205 4320 et
2260 4255 2491 4321 surdos
2549 4257 2676 4321 exi-

466 4357 757 4424 stimaret
812 4358 919 4442 qni
978 4356 1271 4422 sensibus
1332 4360 1552 4444 potius
1612 4379 1799 4444 quam
1862 4362 2095 4424 rationi
2157 4360 2388 4426 confisi
2443 4361 2670 4426 mutari
