3043 4973
1172 215 1250 286 Α
1292 211 1363 287 2.
1436 210 1668 291 9830.
2417 214 2515 289 57

308 388 462 456 dine
494 390 861 469 concinent,
901 391 1135 476 sipost
1161 389 1368 457 πᾶσιν
1399 393 1537 457 σ16
1565 392 1778 477 posita
1807 389 2071 459 fuerintz
2113 385 2519 476 θαυμαστὸν

306 487 439 579 γὰρ
484 494 667 560 δοκεῖ
706 496 874 559 πᾶσι
915 502 1056 570 τοῖς
1096 488 1294 579 μήπω
1338 490 1787 581 τεθεωρηκόσι
1814 488 1937 574 τὴν
1963 497 2204 573 αἰτίαν,
2245 492 2308 560 si'
2331 519 2394 559 τι
2423 497 2519 580 τῷ

306 598 633 682 ἐλαχίστῳ
660 591 754 682 μὴ
784 605 1133 685 μετρεῖται,
1163 599 1267 663 cui
1296 608 1664 685 opponatur
1693 597 1930 665 deinde
1953 601 2118 665 ⁶19:
2150 595 2361 665 οὐθὲν
2386 593 2516 685 γὰρ

310 693 396 766 ἂν
438 696 613 766 οὕτω
659 696 1074 785 θαυμάσειεν
1117 694 1289 788 ἀνὴρ
1339 697 1783 789 γεωμετρικός.
1873 701 2006 767 Sed
2061 722 2252 795 quum
2309 722 2519 787 neque

313 826 349 869 e
391 803 575 869 libris
618 825 803 869 mscr.
845 825 1054 890 neque
1101 826 1138 870 e
1183 810 1637 873 commentario
1687 805 2030 875 Alexandri
2075 806 2307 873 afferre
2345 804 2522 891 quid-

311 930 498 995 quam
542 912 782 994 possim
814 906 895 972 ad
926 908 1423 975 confirmandam
1454 910 1621 974 hanc
1653 913 2099 987 coniecturam,
2143 930 2375 976 vereor
2414 931 2521 975 au-

311 1011 534 1078 dacius
590 1015 658 1077 in
717 1011 1211 1098 transponendis
1254 1014 1470 1078 verbis
1515 1016 1774 1079 versari.
1823 1050 1904 1065 -
1963 1013 2168 1081 Aliam
2212 1018 2523 1100 interpre-

310 1115 490 1181 tandi
527 1119 693 1179 viam
724 1114 1171 1204 Schweglerus
1215 1120 1541 1204 ingressus
1587 1127 1714 1193 est3
1758 1120 1811 1182 is
1855 1119 2024 1183 enim
2069 1119 2200 1181 τῶν
2243 1114 2521 1202 θαυμά-

310 1242 440 1285 των
496 1223 780 1307 seiungit
828 1242 864 1283 a
907 1243 968 1284 v.
1014 1216 1431 1306 ταύτόματα,
1488 1231 1558 1286 et
1611 1220 2060 1289 subintellecto
2116 1220 2322 1286 verbo
2380 1226 2520 1288 tou

306 1323 479 1389 idem
515 1323 883 1411 significare
921 1327 1231 1391 existimat
1266 1344 1364 1389 ac:
1410 1321 1783 1409 θαυμαστά
1815 1330 1971 1402 ἐστι,
2012 1318 2327 1410 καθάπερ
2358 1320 2523 1391 ταύ-

306 1423 575 1511 τόματα
620 1422 992 1512 θαυμαστοί
1036 1431 1174 1493 ἐστι
1218 1436 1357 1505 τοῖς
1388 1424 1586 1512 μήπω
1623 1424 2070 1514 τεθεωρηκόσι
2099 1451 2161 1494 τ.
2195 1433 2323 1494 ait.
2389 1425 2522 1493 Sed

307 1552 545 1596 vereor
588 1539 662 1597 ut
704 1529 865 1595 haec
906 1533 1351 1621 interpretatio
1398 1531 1551 1598 ferri
1595 1535 1834 1618 possit;
1893 1552 2054 1618 quae
2113 1535 2278 1599 enim
2334 1531 2524 1598 affert

311 1633 601 1720 exempla
656 1636 786 1699 τῶν
842 1631 1223 1718 ἀναγκαίων
1265 1636 1433 1713 ἐστί,
1488 1636 1621 1701 τῶν
1664 1631 2010 1701 ἀδυνάτων
2054 1636 2193 1701 ὲστί
2239 1645 2388 1714 etc„
2446 1656 2522 1703 ea

311 1743 523 1805 omnia
572 1759 811 1803 nomen
853 1737 1235 1803 adiectivum
1279 1737 1536 1816 habent,
1580 1758 1717 1803 non
1754 1760 1991 1805 nomen
2032 1739 2521 1815 substantivum3

310 1866 387 1908 ac
430 1851 768 1929 praeterea
810 1862 1049 1907 nomen
1092 1842 1366 1924 θαῦμα,
1413 1862 1602 1928 quum
1648 1852 1820 1908 esset
1861 1846 2158 1911 usitatum
2203 1842 2285 1927 ad
2329 1845 2527 1932 signi-

310 1948 566 2013 ficanda
608 1948 1168 2034 praestigiatorum
1219 1944 1506 2021 artificia,
1551 1948 1655 2011 vix
1700 1945 2036 2032 probabile
2083 1956 2181 2011 est
2215 1949 2525 2013 Aristote-

311 2052 436 2118 lem
472 2071 818 2137 usurpasse
855 2049 934 2115 ad
984 2047 1413 2114 denotandam
1455 2048 1653 2115 modo
1701 2048 2179 2117 admirationem
2225 2050 2324 2117 his
2369 2052 2523 2137 ipsis

311 2158 678 2244 praestigiis
724 2156 1072 2221 excitatam.

442 2260 731 2329 9831120
772 2260 894 2334 τίς
935 2259 1082 2342 μὲν
1124 2245 1267 2323 οὖν
1304 2253 1342 2323 ὃ
1376 2252 1683 2342 τρόπος
1714 2258 1859 2339 τῆς
1892 2253 2348 2345 ἐπιστήμης
2383 2257 2569 2338 τῆς’

314 2364 848 2447 ζητουμένης,
894 2358 1237 2447 εἴρηται.
1311 2360 1681 2448 Sapientiae
1727 2384 1888 2448 quae
1934 2366 2017 2429 sit
2060 2367 2244 2431 notio
2280 2361 2526 2431 Aristo-

316 2467 477 2536 teles
522 2466 816 2556 vulgatas
862 2464 944 2533 de
991 2488 1063 2530 ea
1100 2474 1354 2532 secutus
1391 2455 1736 2552 opiniones
1770 2465 2130 2554 descripsit;
2174 2467 2526 2552 sapientiae

316 2583 525 2638 autem
584 2574 844 2638 nomine
900 2581 1107 2636 utrum
1167 2572 1461 2635 universe
1518 2573 1842 2638 scientiam
1887 2569 1993 2635 vel
2037 2570 2525 2657 philosophiam,

316 2698 395 2742 an
433 2678 702 2763 primam
738 2673 1206 2761 philosophiam
1242 2672 1606 2761 significare
1639 2673 1934 2752 voluerit,
1974 2677 2114 2740 iure
2147 2676 2530 2759 quaesiverit

314 2779 562 2867 aliquis·
655 2779 967 2844 Nimirum
1029 2777 1242 2865 σοφία
1299 2786 1570 2862 utraque
1625 2779 1691 2842 vi
1748 2777 1916 2865 apud
1970 2775 2379 2844 Aristotelem
2437 2776 2529 2842 le-

315 2888 507 2974 gitur,
548 2882 750 2948 veluti
796 2880 878 2945 de
921 2882 1185 2946 scientia
1230 2878 1338 2946 vel
1381 2879 1791 2967 philosophia
1836 2886 2131 2948 universe
2159 2885 2233 2950 A
2263 2884 2322 2948 1.
2355 2883 2526 2948 981·

314 2991 430 3055 27:
492 2984 582 3063 ὡς
623 2978 795 3050 κατὰ
839 2976 916 3049 τὰ
963 2985 1200 3052 εἰδέναι
1243 2985 1505 3067 μᾶλλον
1549 2982 2069 3054 ἀκολουθοῦσαν
2110 2982 2235 3066 τὴν
2275 2987 2529 3075 σοφίαν

313 3092 536 3157 πᾶσιν.
607 3090 677 3158 Γ
697 3090 759 3154 3.
796 3089 998 3153 10051)
1026 3090 1091 3152 lx
1138 3088 1270 3154 ἔστι
1319 3087 1389 3152 δὲ
1433 3090 1646 3175 σοφία
1690 3111 1788 3166 τις
1830 3092 1943 3160 καὶ
1986 3087 2029 3170 ἡ
2066 3083 2328 3178 φυσική,
2372 3084 2518 3154 ἀλλ’

317 3191 394 3260 οὐ
437 3187 687 3278 πρώτη.
763 3191 836 3256 Κ
878 3192 940 3256 4.
988 3192 1191 3257 1061b
1216 3183 1340 3255 322'
1375 3185 1476 3256 διὸ
1498 3175 1634 3258 ’καὶ
1677 3187 1924 3273 ταύτην
1968 3195 2121 3272 (int.
2164 3186 2287 3270 τήν
2329 3209 2527 3282 φυσι-

315 3292 479 3379 κήν)
534 3298 647 3360 καὶ
692 3289 814 3374 τὴν
856 3288 1341 3379 μαθηματικὴν
1384 3298 1551 3378 μέρη
1597 3297 1716 3374 τῆς
1757 3298 2006 3383 σοφίας
2049 3290 2218 3361 εἶναι
2256 3295 2524 3360 θετέονε

316 3411 540 3466 contra
589 3401 850 3484 primam
898 3398 1368 3484 philosophiam
1399 3396 1722 3463 vocabulo
1758 3400 2006 3487 σοφίας
2038 3396 2388 3487 significari
2423 3419 2531 3484 ap-

302 3513 502 3592 ‚paret
547 3504 646 3568 his
691 3502 852 3567 locis
881 3502 948 3566 B
982 3504 1040 3565 l.
1072 3505 1235 3568 995⁶
1264 3503 1366 3566 12.
1416 3502 1481 3570 2.
1510 3504 1673 3568 99δό
1697 3504 1759 3567 9.
1804 3502 1877 3567 Κ
1909 3506 1965 3569 l.
2003 3504 2208 3568 1059a
2237 3502 2528 3569 18-32.

316 3610 377 3674 2.
429 3609 644 3674 1οδοα
675 3607 777 3676 10.
822 3608 899 3673 Λ
933 3607 1037 3671 10.
1085 3608 1288 3672 10751»
1318 3608 1423 3685 20,
1469 3605 1549 3672 cf.
1583 3606 1727 3672 Eth.
1757 3606 1902 3671 Nic.
1937 3607 2030 3671 VI
2076 3608 2133 3685 7,
2179 3607 2409 3672 Waitz
2445 3606 2533 3671 ad

318 3712 502 3777 Anal.
538 3721 711 3798 post·
750 3731 1042 3796 prooem.
1118 3711 1327 3795 Atque
1369 3709 1498 3774 hoc
1540 3712 1684 3796 ipso
1730 3713 1937 3795 capite
1980 3708 2062 3774 ad
2100 3707 2531 3778 definiendam

319 3819 576 3906 σοφίαν
621 3814 806 3902 plura
852 3814 1057 3892 affert,
1103 3835 1267 3901 quae
1311 3834 1445 3878 non
1490 3812 1574 3877 ad
1606 3816 1865 3901 primam
1896 3816 2291 3902 potissimum
2323 3813 2533 3902 philo-

320 3922 612 4009 sophiam
659 3918 776 3984 sed
822 3920 1084 3984 omnino
1129 3919 1431 3983 scientiae
1476 3916 1557 3981 ad
1602 3927 1889 3983 naturam
1934 3920 2288 4005 pertinent,
2331 3918 2533 3984 veluti

322 4024 494 4109 quod
557 4045 694 4088 eam
758 4021 910 4087 dicit
966 4020 1048 4087 ad
1106 4019 1466 4086 docendum
1526 4030 1738 4109 aptam
1796 4044 1935 4087 esse
1993 4033 2058 4090 et
2106 4033 2378 4110 propter
2436 4045 2534 4088 se·-

321 4139 446 4193 met
489 4131 697 4215 ipsam
744 4129 993 4211 quaeri,
1050 4124 1171 4190 alia
1224 4124 1291 4189 id
1335 4147 1561 4213 genus.
1651 4125 1947 4191 Attamen
1991 4130 2046 4194 si
2093 4127 2536 4196 considerave-

321 4235 433 4311 ris,
489 4234 867 4319 sapientiam
927 4229 1008 4295 ad
1062 4232 1295 4317 primas
1350 4250 1565 4296 rerum
1621 4251 1845 4295 causas
1893 4231 2119 4296 referri
2164 4234 2533 4298 et-maxime

323 4334 750 4404 universalem
797 4344 863 4400 et
905 4333 1179 4400 divinam
1225 4332 1367 4413 dici,
1412 4333 1753 4420 probabile
1796 4333 2136 4415 videbitur,
2177 4339 2534 4402 universam
