3043 4973
1154 228 1230 301 B
1276 225 1346 302 4.
1428 225 1698 303 loolb.
2385 228 2524 304 165

320 401 516 488 Phys.
549 400 580 466 1
607 401 672 481 2,
699 403 760 482 3,
788 403 850 470 8.
895 403 1168 469 Brandis
1199 404 1510 471 Geseh.·1.
1542 429 1606 492 p.
1636 406 1787 472 383.
1875 405 1953 469 ln
1993 403 2263 471 eandem
2306 405 2528 472 incidi·

317 527 457 572 mus
502 508 1069 587 ratiocinationem,
1114 512 1169 573 si
1212 529 1406 575 unum
1448 509 1721 574 habetur
1759 529 1880 595 pro
1923 509 2302 587 substantia3
2351 509 2527 576 unde

318 613 487 675 enim
535 610 871 698 quidquam
913 624 1168 698 praeter
1209 613 1374 679 hane
1414 614 1540 679 τοῦ
1562 607 1711 689 ἑνός
1737 611 2151 678 substantiam
2179 617 2386 700 repeti
2413 637 2528 701 pu-

317 727 555 794 temus,
601 737 788 801 quum
835 714 1105 802 quidvis·
1125 716 1232 782 vel
1275 738 1468 782 uuum
1514 721 1600 781 sit
1639 715 1743 780 vel
1786 715 2011 795 multa,
2066 739 2143 782 ac
2180 717 2525 784 multitudo

316 822 456 906 ipsa
501 823 809 886 unitatum
855 823 938 885 sit
976 819 1345 899 multitudo,
1403 819 1714 908 quidquid
1767 831 1978 886 autent
2030 832 2290 907 praeter
2329 843 2526 888 unum

316 926 418 1003 sit,
463 922 529 987 id
576 945 711 989 non
752 947 949 990 unum
996 946 1137 990 esse
1183 936 1497 1011 oporteat.
1567 924 1645 990 cf.
1692 927 1771 991 N
1805 925 1867 991 2.
1918 926 2145 990 loson.

452 1029 658 1094 loon
697 1031 735 1095 7
781 1029 900 1094 ἔτι
944 1032 1011 1094 εὶ
1057 1065 1138 1080 -
1184 1031 1273 1095 25
1324 1029 1594 1109 δῆλον.
1681 1027 1785 1093 Ad
1832 1028 2221 1095 parmenidis
2273 1038 2529 1094 senten·

316 1136 468 1197 tiam
514 1130 705 1211 (οὐδὲ
750 1127 1080 1216 διαίρετόν
1122 1136 1298 1198 ἐστιν
1339 1134 1473 1197 κτλ.
1518 1156 1580 1197 V.
1627 1134 1731 1199 77.
1780 1132 2033 1213 Karst.)
2074 1136 2130 1199 si
2175 1131 2528 1198 adiunxeri-

314 1258 455 1329 mus
500 1235 800 1323 placitum
847 1239 1127 1301 Zenonis
1172 1234 1487 1319 (ἀξίωμα,
1535 1236 1613 1300 cf.
1648 1238 1737 1303 M
1756 1238 1819 1303 2.
1855 1238 2063 1303 1077a
2093 1239 2239 1319 31),
2283 1240 2411 1325 qui,
2452 1236 2526 1302 li-

316 1349 423 1405 cet
451 1362 592 1405 cum
623 1337 998 1405 parmenide
1041 1350 1295 1405 secutus
1337 1340 1760 1406 ratiocinandi
1800 1344 2254 1420 necessitatem,
2299 1341 2524 1407 duetus

315 1456 530 1510 tamen
588 1443 753 1509 idem
812 1466 1111 1510 sensuum
1171 1443 1487 1511 evidentia
1546 1443 1615 1510 id
1672 1466 1815 1510 esse
1871 1449 2131 1511 omnino
2178 1449 2525 1533 negaverit,

318 1569 447 1634 quo
506 1570 714 1634 neque
772 1544 991 1613 addito
1048 1552 1275 1625 maius,
1334 1570 1456 1614 nec
1513 1549 1728 1615 demto
1779 1552 1983 1615 minus
2029 1550 2366 1636 quidquam
2408 1547 2526 1613 fiat

314 1654 439 1732 (cf.
467 1652 686 1739 simpl.
719 1652 801 1718 ad
829 1652 1025 1739 Phys.
1057 1653 1099 1718 f.
1128 1655 1236 1719 21.
1283 1652 1555 1718 Brandis
1578 1653 1814 1720 Gesch.
1834 1653 1882 1718 I.
1912 1676 1977 1739 p.
2010 1655 2140 1719 412
2153 1678 2213 1741 q.
2245 1655 2524 1733 fliium),

316 1759 505 1843 eique
550 1761 1048 1822 concesserimus
1090 1754 1169 1823 τὰ
1212 1758 1283 1823 ἓν
1326 1755 1703 1845 ἀδιαίρετον
1757 1779 1896 1823 eam
1941 1757 2175 1822 habere
2220 1767 2523 1835 naturam,

314 1874 391 1926 ut
435 1883 648 1948 neque
688 1860 989 1926 addendo
1028 1883 1151 1926 nee
1188 1859 1505 1927 demendo
1543 1861 2038 1951 magnitudinem
2071 1860 2265 1926 uliam
2308 1864 2524 1926 immu-

316 1976 437 2031 tet:
474 1965 626 2031 inde
662 1986 1061 2052 consequens
1094 1967 1230 2041 erit,
1265 1974 1336 2030 ut
1370 1987 1578 2052 neque
1607 1971 1812 2054 ipsum
1846 1965 2007 2032 illud
2043 1966 2113 2032 ἓν
2147 1962 2522 2058 ἀδιαίρετον

212 2117 219 2126 .
314 2091 388 2133 re
430 2091 509 2133 ae
547 2072 817 2134 veritate
860 2072 960 2134 sit.
1041 2067 1170 2133 Sed
1214 2090 1586 2155 quamquam
1632 2091 1764 2135 non
1812 2082 1910 2136 est
1952 2092 2064 2135 cur
2106 2072 2524 2134 assentiamur

315 2174 467 2238 huie
495 2176 1026 2261 argumentationi
1056 2174 1199 2239 rudi
1229 2177 1585 2262 (φορτικῶς
1605 2177 1752 2254 ὁ14,
1783 2175 1863 2239 cf.
1892 2175 1973 2239 ad
2006 2176 2076 2239 A
2104 2177 2166 2241 5.
2197 2175 2360 2240 986⁶
2385 2174 2522 2253 27),

316 2299 482 2364 quae
513 2277 700 2342 facile
730 2281 934 2363 possit
963 2269 1177 2356 eret-ti,
1209 2279 1407 2344 nihilo
1440 2291 1650 2344 tamen
1679 2282 1884 2345 minus
1916 2290 1980 2344 et
2007 2278 2183 2366 quod
2199 2263 2522 2366 Pythago·

313 2385 411 2446 rei
457 2391 521 2447 et
564 2382 737 2468 qnod
771 2382 952 2447 Plato
999 2406 1072 2448 ex
1101 2384 1366 2451 inmo&
1391 2379 1541 2461 ἑνός
1566 2387 1879 2471 principio
1912 2382 2309 2448 deduxerunt
2339 2380 2522 2446 dubi-

315 2491 625 2552 tationem
670 2499 903 2553 movet.
992 2489 1095 2554 nii
1141 2492 1307 2555 enim
1350 2510 1485 2554 non
1531 2499 1839 2575 poterunt
1881 2486 2226 2574 explicare,
2281 2489 2389 2572 qui
2438 2488 2521 2550 sit

316 2615 354 2656 a
398 2596 675 2657 numeris
719 2591 799 2656 ad
840 2592 1307 2682 magnitudines
1343 2604 1632 2659 extensas
1672 2593 1823 2659 inde
1857 2592 2170 2657 derivatas
2202 2591 2519 2668 transitum

314 2699 673 2775 ⁸17-19,
715 2696 795 2760 cf.
838 2698 1030 2783 Phys.
1075 2699 1170 2761 vl
1216 2700 1273 2761 1.
1321 2698 1489 2762 231a
1526 2699 1613 2761 24
1660 2706 1726 2761 et
1768 2695 1851 2762 ad
1893 2698 1969 2762 A
2013 2698 2115 2760 lo.
2163 2695 2364 2761 1⁰75b
2401 2695 2517 2770 293

313 2799 503 2865 Plato
550 2822 706 2865 vero
752 2801 925 2887 quod
965 2823 1156 2867 unum
1196 2811 1262 2865 et
1297 2800 1607 2866 diversam
1646 2800 1726 2865 ab
1765 2820 1897 2867 uno
1933 2799 2330 2865 indefinitam
2364 2796 2519 2884 dya-

315 2903 412 2969 dis
451 2916 737 2969 naturam
776 2909 1083 2992 principia
1122 2907 1339 2992 posuit
1376 2915 1441 2969 et
1473 2924 1876 2969 numerorum
1911 2915 1978 2969 et
2001 2902 2519 2993 magnitudinum,

314 3010 644 3095 quomodo
691 3033 765 3075 ex
807 3009 1029 3076 iisdem
1072 3008 1356 3074 fontibus
1400 3030 1658 3073 manare
1701 3019 1959 3074 censeat
2002 3009 2252 3074 diversa
2297 3018 2363 3072 et
2404 3028 2519 3071 nu-

312 3133 634 3178 merorum
667 3124 733 3178 et
763 3125 1154 3181 extensarum
1185 3113 1688 3201 magnitudinum
1722 3136 1975 3202 genera,
2007 3115 2246 3198 pariter
2276 3120 2376 3175 est
2406 3110 2518 3175 du·

312 3215 504 3294 bium,
537 3218 887 3296 ὁ19-25,
919 3218 997 3283 cf.
1029 3219 1110 3282 ad
1137 3221 1226 3283 M
1247 3220 1308 3284 9.
1342 3218 1552 3282 1⁰85a
1578 3220 1614 3284 7
1649 3239 1783 3303 sqq.
1828 3220 1907 3283 N
1924 3218 1985 3281 3.
2019 3217 2221 3281 10900
2245 3215 2326 3279 21
2355 3235 2512 3298 sqq..
2623 3206 2626 3211 ¹

451 3322 655 3385 loolb
691 3323 775 3386 13
820 3319 992 3387 ἀλλ’
1032 3316 1310 3401 ἐπειδὴ
1358 3312 1598 3397 οὗτος
1639 3321 1773 3386 κτλ.
1858 3319 2179 3406 Apodosis
2225 3321 2518 3383 enuncia-

314 3427 508 3489 tionis
549 3424 910 3511 incipienda
959 3437 1055 3491 est
1098 3450 1134 3491 a
1178 3425 1392 3492 verbis
1437 3421 1610 3490 ἀλλὰ
1650 3427 1788 3499 πῶς
1827 3419 1913 3504 δὴ
1957 3421 2028 3503 ἐξ
2066 3426 2201 3489 κτλ.
2274 3425 2517 3489 Exom

313 3532 610 3594 nimirum
658 3540 756 3593 est
798 3535 1102 3616 protasis,
1160 3535 1338 3617 quasi
1380 3533 1446 3595 in
1491 3527 1763 3615 apodosi
1809 3528 2088 3594 dicturus
2133 3540 2324 3593 essetz
2365 3529 2517 3593 τοῦ·

312 3655 431 3701 τον
476 3636 599 3718 μὲν
642 3637 899 3713 ἐατέον,
944 3631 1048 3698 ὅτι
1092 3637 1415 3720 ἐνδέχεται
1459 3629 1836 3723 ἀδιαίρετόν
1877 3654 1941 3697 τι
1984 3630 2150 3698 εἶναι
2190 3636 2355 3712 κτλ,
2413 3634 2516 3697 cui

313 3737 554 3803 deinde
598 3750 1061 3824 opponeretur:
1120 3733 1294 3803 ἀλλὰ
1334 3741 1472 3817 πῶς
1515 3733 1597 3817 δὴ
1642 3739 1776 3803 κτλ.
1820 3741 1861 3802 i.
1896 3758 1950 3801 e.
1994 3737 2111 3803 sed
2153 3737 2517 3801 Platonico-

310 3865 450 3908 rum
510 3854 583 3907 et
634 3843 1186 3931 Pythagoreorum
1246 3843 1446 3909 nihilo
1505 3848 1710 3909 senius
1769 3853 1868 3908 est
1920 3843 2234 3906 sententia
2292 3843 2516 3904 exami-

312 3946 547 4012 nanda.
639 3946 770 4012 Sed
829 3951 1127 4032 quoniam
1184 3966 1346 4033 quae
1397 3951 1463 4011 in
1517 3948 1792 4033 apodosi
1850 3955 2030 4010 erant
2081 3944 2347 4010 dicenda
2390 3947 2516 4009 iani

316 4052 380 4114 in
426 4052 720 4137 protasin
768 4050 1061 4130 adscivit,
1116 4072 1233 4138 per
1283 4051 1655 4115 brevitatem
1703 4049 2015 4137 quandam
2060 4049 2313 4115 dicendi
2354 4047 2516 4115 illud

315 4156 521 4241 ipsum
567 4149 747 4219 ἀλλὰ
785 4157 924 4232 πῶς
967 4150 1050 4235 δὴ
1093 4158 1227 4221 κτλ.
1274 4154 1582 4242 apodosis
1623 4154 1773 4219 loco
1819 4157 2050 4240 posuit.

450 4261 661 4324 lomb
696 4260 784 4329 23
830 4256 1052 4346 εἴπερ
1097 4253 1186 4324 τὸ
1229 4254 1333 4344 μὴ
1379 4261 1460 4326 ἓν
1502 4256 1547 4339 ἡ
1593 4254 1990 4338 ἀνισότης
2044 4260 2176 4324 καὶ
2223 4254 2268 4337 ἡ
2313 4250 2512 4335 αὐτὴ

317 4358 564 4452 φύσις
607 4352 723 4444 ἦν.
792 4363 1109 4452 Schwegl.
1154 4363 1236 4431 ad
1273 4365 1332 4431 h.
1370 4364 1416 4429 l.
1461 4362 1638 4451 quod
1674 4362 1756 4428 ad
1794 4388 1854 4429 V.
1893 4361 1937 4442 ἡ
1974 4360 2140 4442 αὐτὴ
2175 4357 2370 4453 φύσις
2405 4378 2513 4424 eo-
