3043 4973
1127 240 1235 310 M
1273 236 1343 310 9.
1428 236 1697 313 10860.
2367 239 2510 314 565

299 431 474 486 nam;
530 429 724 496 posse
776 410 1029 498 quidem
1076 411 1366 499 pluribus
1403 416 1670 501 insuper
1711 418 2102 504 argumentis
2147 416 2510 483 confirmari

298 518 779 603 persuasionem
841 519 1004 596 εἰπε,
1064 519 1171 604 qui
1228 520 1561 604 superiora
1619 520 1740 584 iam
1799 519 2199 606 probaverit,
2257 520 2373 586 sed
2433 542 2521 587 ea÷

299 620 456 684 nihil
514 619 843 705 profutura
902 620 983 685 ad
1045 621 1533 687 convincendos
1593 643 1736 699 eos,
1795 623 2025 708 quibus
2083 623 2368 690 nondum
2425 629 2507 691 sit

296 744 668 810 persuasum
715 728 744 805 (
755 718 921 810 πρὸς
964 725 1034 789 δὲ
1079 717 1155 790 τὸ
1199 726 1567 805 πεισθῆναι
1603 720 1697 809 μὴ
1733 730 2256 812 πεπεισμένος
2297 725 2506 796 οὐθὲν
2592 790 2595 793 .

295 829 554 910 μᾶλλον
591 829 743 905 «12⁰,
795 828 956 893 baec
996 827 1191 893 verba
1239 839 1310 893 nt
1351 814 1605 914 possint
1649 833 1934 897 construi
1974 833 2507 916 πεπεισμένον

299 930 403 996 vel
445 935 1024 1016 πεπεισμένους
1067 931 1471 999 scribendum
1518 937 1675 1015 est).

427 1243 637 1309 1086«
665 1245 752 1308 21
799 1245 985 1331 περὶ
1032 1244 1114 1309 δὲ
1156 1243 1317 1309 τῶν
1358 1241 1694 1331 πρώτων
1738 1243 2025 1334 ἀρχῶν.
2101 1247 2334 1314 Utrum
2378 1247 2506 1314 boc

295 1345 446 1411 loco
491 1368 572 1411 an
621 1347 830 1413 1⁰87a
866 1349 956 1412 29
999 1345 1399 1434 incipiendus
1444 1351 1529 1413 sit
1572 1349 1739 1415 liber
1784 1354 1880 1429 Ν,
1939 1349 2290 1416 dubitatum
2345 1355 2506 1417 anti·

294 1455 502 1536 quitus
550 1472 689 1516 esse
734 1453 912 1515 testis
959 1460 1057 1515 est
1098 1451 1410 1538 syrianus
1453 1451 1536 1516 ad
1582 1454 1644 1517 b.
1680 1453 1750 1519 l:
1807 1457 1997 1541 μέχρι
2051 1449 2319 1519 τούτων
2343 1456 2505 1523 ἔνιοι

293 1550 369 1620 τὸ
417 1556 506 1620 Μ
539 1549 949 1641 προσάγουσι
1000 1554 1082 1635 (l.
1128 1551 1572 1643 πρόαγουσι),
1626 1551 1713 1622 ‘cd
1772 1558 1841 1623 δὲ
1897 1554 2048 1637 ἑξῆς
2103 1559 2224 1623 τοῦ
2279 1559 2513 1653 rotroni

292 1654 765 1746 προβλήματος
822 1652 986 1723 ὄντα
1043 1661 1136 1742 τῷ
1195 1663 1272 1725 Ν
1314 1663 1795 1744 προσνέμουσι·
1858 1655 2118 1741 ζητήσει
2173 1658 2304 1749 γὰρ
2361 1661 2511 1726 stoc--

291 1758 437 1841 πόν,
483 1767 537 1827 εὶ
572 1759 771 1850 ἀρχαὶ
813 1755 897 1825 τὰ
934 1761 1072 1842 ε’ίδη
1104 1766 1217 1829 καὶ
1257 1766 1321 1828 οἱ
1360 1760 1684 1848 ἀριθμοί·
1727 1759 1817 1829 τὰ
1850 1766 2077 1849 μέντοι
2113 1758 2333 1832 πολλοὶ
2370 1766 2503 1831 τῶν

289 1867 567 1952 βιβλίων
609 1859 781 1930 κατὰ
826 1863 948 1945 τὴν
992 1870 1111 1932 τοῦ
1150 1864 1583 1953 Ἀλεξάνδρον
1627 1868 1946 1956 διαίρεσιν
1985 1872 2056 1934 ἐν
2090 1875 2230 1946 τοϊς
2265 1871 2501 1954 ἑπομέ-

293 1992 432 2047 νοις
472 1973 602 2055 ἕχει
641 1965 765 2050 τὴν
806 1973 939 2036 τῶν
979 1971 1259 2055 βιβλίων
1302 1967 1533 2054 τομήν.
1568 2004 1595 2025 ι·
1626 1971 1973 2038 Alexandri
2030 1980 2502 2039 autemaucto-

292 2078 463 2139 ritati
509 2096 697 2159 quum
745 2073 1081 2159 plurimum
1126 2075 1414 2153 tribuam,
1458 2085 1669 2143 tamen
1706 2075 1836 2142 hoc
1871 2077 2086 2163 potius
2123 2075 2277 2141 loco
2314 2094 2500 2161 quam

293 2178 456 2243 infra
502 2177 935 2266 distinguendi
982 2183 1134 2266 quin
1180 2182 1307 2244 sint
1349 2176 1496 2244 libri
1545 2181 1636 2245 M
1673 2191 1739 2245 et
1783 2183 1861 2246 N
1894 2200 2026 2244 non
2073 2178 2330 2255 dubito;
2374 2181 2498 2243 iam

296 2287 457 2348 enim
505 2302 672 2348 nova
722 2295 788 2347 et
830 2287 1179 2351 instituitur
1223 2295 1292 2348 et
1329 2287 1721 2370 proponitur
1765 2287 2072 2370 quaestio,
2116 2283 2278 2347 infra
2322 2302 2497 2363 vero,

293 2391 372 2454 N
395 2389 432 2452 1
467 2391 615 2465 init„
661 2385 882 2451 eadem
931 2384 1352 2453 continuatur.
1430 2387 1769 2473 Quaesivit
1813 2388 1975 2452 enim
2017 2389 2124 2451 Ar.
2169 2387 2499 2473 hucusque

292 2502 498 2558 utrum
549 2491 1052 2557 substantiae
1098 2491 1407 2578 quaedam
1443 2491 1788 2578 ponendae
1825 2494 1950 2557 sint
1980 2493 2244 2557 seorsim
2275 2514 2353 2556 ac
2380 2495 2503 2577 p‘er

293 2618 362 2661 se
421 2598 794 2661 exsistentes
850 2605 1106 2684 praeter
1161 2595 1498 2661 sensibiles
1552 2617 1685 2674 res,
1744 2615 2007 2682 eamque
2056 2598 2497 2682 quaestionem

291 2721 426 2765 non
471 2702 758 2786 exposita
802 2721 916 2763 sua
951 2702 1151 2785 ipsius
1190 2702 1521 2777 sententia,
1566 2699 1682 2765 sed
1722 2698 2049 2787 explicatis
2083 2698 2496 2785 iudicatisque

290 2802 555 2870 aliorum
602 2803 849 2891 placitis
893 2814 1264 2889 persecutus
1309 2812 1436 2880 est3
1496 2803 1765 2870 eundem
1823 2806 1889 2868 in
1941 2803 2199 2870 modum
2243 2807 2367 2867 iam
2411 2800 2499 2868 de

288 2911 730 2996 principiis
776 2909 993 2975 barum
1037 2907 1531 2975 substantiarum
1576 2910 2010 2994 quaestionem
2056 2909 2355 2985 instituit,
2412 2907 2494 2972 cf.

289 3015 443 3078 1²21:
486 3015 636 3099 περὶ
674 3013 744 3078 δὲ
777 3014 912 3078 τῶν
948 3007 1223 3100 πρώτων
1263 3008 1537 3101 ἀρχῶν
1579 3015 1693 3079 καὶ
1727 3014 1858 3078 τῶν
1894 3006 2167 3094 πρώτων
2205 3012 2494 3077 αἰτίων

291 3119 402 3181 καὶ
447 3118 884 3200 στοιχείων
929 3153 1013 3165 -
1058 3112 1189 3182 ὅσα
1243 3117 1316 3182 δὲ
1372 3119 1437 3181 οἱ
1494 3113 1863 3206 φάσκοντες
1916 3110 2083 3180 εἶναι
2137 3107 2324 3199 παρὰ
2370 3108 2494 3191 τοὶς

292 3214 631 3297 αἰσθητὰς
674 3222 899 3305 ἑτέρας
943 3218 1189 3297 οὐσίας,
1233 3215 1547 3304 ἐχόμενόν
1592 3226 1730 3285 ἐστι
1766 3219 2113 3305 θεωρῆσαι
2146 3218 2282 3283 κτλ.
2341 3216 2490 3290 coll,

294 3325 354 3387 1.
401 3325 612 3388 107&
652 3325 763 3387 11:
822 3324 961 3389 ἐπεὶ
1003 3319 1062 3388 δ’
1102 3320 1144 3403 ἡ
1190 3327 1420 3412 σκέψις
1462 3324 1601 3390 ἐστὶ
1644 3316 1924 3408 πότερον
1966 3323 2105 3387 ἔστι
2157 3343 2261 3397 τις
2306 3314 2492 3407 παρὰ

292 3420 414 3504 τὰς
459 3423 798 3506 αἰσθητὰς
844 3423 1132 3504 οὐσίας
1177 3423 1484 3506 ἀκίνητος
1527 3429 1638 3492 καὶ
1683 3422 1896 3502 ἀίδιος
1937 3419 1981 3505 ἢ
2026 3421 2142 3492 οὐκ
2185 3426 2323 3491 ἔστι
2354 3426 2491 3491 κτλ.

292 3532 420 3596 Iam
465 3552 642 3604 vero·
672 3530 986 3596 Platonici
1031 3542 1097 3596 et
1138 3530 1549 3618 Pythagorei,
1593 3551 1859 3617 quorum
1906 3532 2218 3596 examinat
2259 3528 2493 3596 doctri-

289 3657 463 3714 nam,
520 3632 697 3698 ideas
755 3644 822 3701 et
878 3656 1175 3701 numeros
1230 3633 1299 3700 id
1355 3655 1495 3700 esse
1551 3643 1933 3713 statuerant,
1990 3634 2166 3720 quod
2222 3656 2295 3699 re
2335 3643 2490 3708 vcra

291 3761 371 3805 es
388 3749 510 3805 set
551 3741 620 3802 in
663 3738 858 3804 rebus
902 3738 1335 3816 sensibilibuS,
1377 3739 1506 3816 hoc
1550 3747 1646 3806 est
1688 3749 1897 3805 autem
1941 3738 2117 3805 ideas
2164 3748 2233 3803 et
2272 3756 2489 3803 nume·

290 3865 401 3909 ros
446 3846 855 3929 principia
900 3866 1157 3909 rerum
1203 3863 1343 3908 esse
1387 3842 1753 3920 voluerant3
1799 3865 1875 3908 ac
1919 3852 2130 3909 tamen
2171 3845 2345 3928 ipsas
2372 3840 2493 3908 has

289 3946 467 4013 ideas
525 3956 594 4012 et
643 3948 764 4013 bos
819 3967 1122 4013 numeros
1180 3968 1265 4012 ex
1321 3948 1752 4033 principiis
1802 3946 2177 4034 quibusdam
2221 3948 2492 4033 repetie-

289 4059 451 4115 rant.
537 4052 762 4137 ltaque
807 4071 999 4138 quum
1045 4050 1178 4117 duo
1220 4052 1472 4137 possint
1521 4052 1765 4136 quaeri,
1819 4061 2027 4118 utrum
2081 4053 2490 4139 principia

294 4152 651 4218 idearum
705 4154 814 4219 vel
867 4175 1274 4222 numerorum
1320 4162 1500 4221 recte
1542 4153 1622 4218 ab
1669 4154 2034 4224 auctoribus
2078 4158 2216 4226 eius
2257 4154 2492 4224 doctri-

296 4278 418 4322 nae
464 4258 593 4322 sint
633 4261 870 4343 posita,
930 4271 995 4325 et
1037 4270 1243 4327 utrum
1287 4259 1520 4325 ideae
1564 4257 1670 4324 vel
1713 4262 1959 4326 numeri
2001 4281 2146 4348 pro
2191 4262 2490 4347 princi-

295 4363 456 4449 piis
512 4382 722 4427 rerum
777 4361 998 4431 haberi
1043 4364 1325 4452 possint,
1376 4384 1513 4432 non
1559 4363 1725 4431 adeo
1766 4369 1991 4434 mirum
2038 4363 2230 4432 debet
2271 4362 2491 4444 videri,
