3043 4973
595 243 739 320 324
1431 250 1507 319 Z
1550 246 1620 320 7.
1702 245 1967 321 103311.

596 425 783 488 ritate
822 424 1145 503 exstiterit,
1191 424 1272 489 cf.
1302 425 1377 490 A
1409 425 1468 493 l.
1504 425 1709 489 10690
1732 424 1775 487 2
1807 444 1938 509 sqq.
1992 422 2184 509 Phys.
2216 425 2247 489 I
2282 425 2542 490 6—10.
2588 422 2778 490 Zeller

595 527 708 592 Ph.
756 525 818 590 d.
864 524 977 592 Gr.
1023 528 1104 592 11.
1148 552 1212 614 p.
1245 530 1391 595 417.
1482 528 1571 591 Et
1624 529 1946 592 materiam
2006 524 2260 612 quidem
2307 531 2607 594 exsistere
2648 538 2780 594 ante

592 632 1092 718 generationem,
1139 641 1326 698 antea
1374 640 1472 696 est
1506 634 1833 709 monitum,
1875 626 2219 718 ἐνυπάρχει
2259 625 2388 718 γάρ
2433 634 2542 697 καὶ
2586 633 2780 716 γίγνε-

593 757 705 800 ται
743 728 930 812 αὕτη,
964 733 1024 798 h.
1058 756 1112 799 e.
1151 729 1319 814 αὕτη
1358 735 1537 802 ἐστὶν
1571 731 1958 818 ὑποκειμένη
1997 738 2074 824 τῇ
2110 736 2371 817 γενέσει.
2445 735 2573 800 Sed
2612 738 2780 799 etiam

517 887 520 892 -
595 860 699 917 ea,
750 837 980 922 quibus
1027 836 1229 902 forma
1274 858 1350 900 ac
1393 840 1576 902 notio
1624 840 1719 902 rei
1764 837 2026 902 alicuius
2074 841 2506 917 constituitur,
2564 838 2783 903 habent

594 939 1067 1028 quodammodo
1126 962 1288 1026 quae
1346 952 1532 1005 antea
1587 944 1894 1005 exstitisse
1942 952 2268 1027 oporteat,
2323 939 2470 1006 ἀλλ’
2510 935 2643 1029 ἄρα
2683 942 2783 1006 καὶ

593 1046 724 1111 τῶν
767 1048 837 1108 ἐν
880 1046 971 1126 τῷ
1017 1038 1192 1127 λόγῳ
1232 1046 1352 1123 al,
1410 1047 1523 1110 int.
1570 1046 1748 1110 ἐστὶν
1791 1040 1947 1124 ὕλη,
2001 1044 2108 1109 vel
2162 1040 2436 1132 ὑπάρξει
2476 1069 2541 1110 τι
2582 1047 2782 1130 μέρος.

593 1147 817 1213 Genus
863 1149 1029 1211 enim
1074 1148 1200 1225 rei,
1257 1145 1434 1232 quod
1480 1151 1685 1235 primo
1730 1146 1880 1212 loco
1939 1147 2310 1234 ponendum
2371 1159 2495 1227 est,
2552 1148 2658 1212 ubi
2700 1151 2782 1212 rei

592 1250 856 1316 alicuius
915 1253 1246 1315 notionem
1302 1249 1598 1315 volumus
1658 1249 1926 1316 definire
1972 1256 2101 1331 (εὶς
2146 1246 2185 1317 ὃ
2227 1255 2490 1339 πρῶτον
2533 1255 2784 1318 τίθεται

590 1356 699 1433 α4,
734 1354 810 1419 cf.
844 1353 925 1418 ad
957 1353 1012 1418 A
1039 1355 1146 1420 28.
1178 1355 1383 1420 102411
1409 1355 1511 1436 4),
1559 1358 1736 1439 quasi
1782 1357 2041 1420 materia
2087 1365 2187 1420 est
2221 1359 2508 1422 notionis
2547 1378 2622 1421 ac
2658 1379 2784 1443 spe-

590 1461 711 1523 ciei
748 1457 1068 1536 definitae,
1107 1457 1185 1526 cf.
1225 1456 1378 1524 ibid.
1419 1456 1501 1521 ad
1535 1460 1738 1524 102411
1761 1461 1820 1537 3,
1850 1459 1912 1523 8.
1943 1496 2030 1507 —-
2070 1458 2372 1526 Conferri
2405 1470 2620 1547 potest
2656 1480 2782 1524 cum

588 1563 707 1629 hac
740 1561 1171 1650 disputatione
1202 1561 1380 1648 quod
1409 1560 1764 1626 distinctius
1791 1571 2018 1648 postea
2049 1585 2187 1649 cap.
2211 1566 2256 1630 8
2288 1567 2565 1650 exponit,
2597 1568 2782 1651 ipsam

586 1670 682 1732 rei
727 1667 991 1734 formam
1035 1687 1171 1731 non
1214 1665 1375 1730 fieri.

722 1771 933 1837 1033a
965 1773 1005 1837 5
1052 1768 1133 1849 ἐξ
1178 1760 1269 1835 οὗ
1311 1807 1400 1818 -
1444 1770 1532 1833 23
1577 1769 1922 1853 λέγεται.
2012 1771 2208 1838 Facta
2252 1770 2451 1837 semel
2493 1773 2781 1838 materiae

585 1877 911 1940 mentione
957 1873 1143 1939 simul
1187 1871 1498 1951 ostendit,
1557 1872 1884 1960 quomodo
1940 1894 2014 1938 ex
2058 1876 2347 1953 materia,
2404 1897 2480 1940 ex
2528 1896 2648 1961 qua
2690 1894 2780 1938 res

582 1978 765 2057 fiunt,
808 1999 1044 2044 nomen
1092 1981 1278 2046 etiam
1322 1976 1635 2062 accipiant
1680 1986 1744 2041 et
1789 1998 1950 2064 quae
1996 1981 2078 2042 sit
2124 1980 2259 2044 eius
2300 1981 2781 2067 nuncupationis

585 2104 774 2148 causa
820 2103 898 2146 ac
937 2085 1123 2148 ratio.

573 2177 579 2184 ’
711 2185 1076 2271 Dupliciter
1120 2184 1384 2250 alterum
1434 2206 1508 2249 ex
1555 2181 1756 2249 altero
1806 2184 2034 2251 dicitur
2076 2185 2247 2263 fieri,
2302 2196 2413 2254 aut
2465 2208 2544 2252 ex
2588 2190 2780 2274 priva-

580 2292 761 2355 tione
807 2299 915 2354 aut
961 2312 1035 2354 ex
1079 2291 1342 2354 materia
1384 2288 1504 2369 (cf.
1552 2289 1747 2373 Phys.
1786 2290 1816 2353 1
1866 2292 1923 2355 7.
1969 2292 2030 2355 9.
2074 2292 2240 2355 192a
2263 2292 2323 2366 3,
2372 2300 2437 2356 et
2481 2291 2568 2357 de
2612 2294 2779 2356 vario

580 2393 892 2460 formulae
939 2395 1008 2458 ἔκ
1049 2415 1226 2469 τινος
1272 2414 1391 2457 usu
1432 2391 1513 2456 ad
1543 2393 1598 2457 A
1626 2394 1784 2475 24);
1832 2397 2067 2458 etenim
2113 2404 2179 2457 et
2222 2404 2587 2481 aegrotans,
2630 2416 2778 2482 quae

584 2508 679 2565 est
720 2500 1024 2585 privatiO,
1070 2507 1135 2565 et
1176 2498 1401 2575 homo,
1448 2514 1611 2582 quae
1658 2505 1756 2560 est
1799 2502 2072 2577 materia,
2118 2499 2348 2565 dicitur
2391 2522 2585 2567 sanus
2629 2501 2777 2565 fieri.

579 2601 711 2669 Iam
754 2605 1059 2688 privatio,
1116 2604 1413 2687 quoniam
1460 2622 1577 2687 per
1620 2603 1820 2686 ipsam
1867 2601 2160 2681 formam,
2216 2608 2639 2690 generatione
2681 2604 2777 2669 ad·

577 2709 825 2784 scitam,
870 2706 1193 2785 aboletur,
1252 2727 1386 2771 non
1431 2704 1769 2773 adhibetur
1813 2705 1896 2770 ad
1937 2706 2433 2793 nuncupandum
2478 2692 2622 2774 eum
2666 2720 2776 2775 sta-

577 2818 727 2886 tum,
771 2830 956 2895 quem
1004 2810 1155 2899 quid
1185 2832 1312 2894 per
1348 2812 1829 2896 generationem
1870 2813 2140 2896 accepit3
2186 2815 2445 2876 materia
2483 2834 2641 2879 vero
2679 2813 2776 2878 ad-

574 2910 832 2976 hibetur
875 2912 955 2977 ad
1004 2935 1146 2978 eum
1192 2912 1662 2989 nominandum,
1705 2913 2016 2998 siquidem
2053 2913 2222 2981 idem
2254 2924 2319 2979 et
2348 2937 2542 2981 sanus
2576 2916 2775 3005 appele

571 3012 740 3079 latur
786 3025 850 3080 et
892 3016 1086 3080 homo
1132 3037 1342 3081 sanus.
1416 3016 1551 3082 Ubi
1597 3025 1804 3080 autem
1848 3020 2122 3102 privatio
2169 3022 2411 3083 incerta
2457 3032 2557 3086 est
2592 3033 2656 3089 et
2690 3026 2775 3086 in-

571 3114 853 3198 definita,
899 3118 1430 3206 quemadmodum
1475 3141 1584 3185 aes
1628 3122 2049 3205 privationem
2099 3125 2386 3188 continet
2430 3134 2495 3189 et
2535 3136 2773 3191 statuae

572 3231 640 3286 et
699 3223 972 3310 tripodis
1032 3235 1096 3289 et
1153 3224 1423 3291 aliorum
1466 3224 1910 3311 plurimorum,
1966 3225 2058 3289 ibi
2103 3226 2338 3311 aliquid
2388 3250 2462 3293 ex
2505 3233 2772 3308 materia,

568 3324 770 3393 veluti
826 3348 903 3392 ex
962 3350 1138 3408 aere,
1196 3332 1285 3393 ita
1330 3328 1660 3395 videtur
1701 3329 1846 3397 fieri
1877 3330 1970 3410 ¹),
2026 3331 2211 3395 sicuti
2262 3331 2412 3396 alibi
2458 3355 2532 3397 ex
2577 3338 2772 3421 priva-

566 3431 765 3495 tione.
843 3431 971 3495 lam
1022 3436 1323 3516 quoniam
1370 3434 1747 3518 privationis
1792 3453 2029 3501 nomen
2073 3454 2208 3499 non
2242 3447 2461 3520 potest
2489 3437 2770 3505 adhiberi

568 3531 651 3596 ad
694 3533 1183 3620 nuncupandam
1229 3536 1494 3605 formam
1541 3535 1644 3599 vel
1690 3559 1825 3600 rem
1865 3546 2241 3616 concretam,
2287 3560 2370 3603 ne
2408 3544 2476 3604 in
2512 3541 2610 3606 his
2645 3543 2769 3626 qui-

565 3633 710 3701 dem
754 3640 1013 3722 ipsum
1057 3641 1356 3703 materiae
1393 3658 1628 3707 nomeu
1667 3639 1911 3706 formae
1948 3640 2261 3720 tribuitur,
2305 3664 2522 3708 verum
2558 3648 2766 3730 potius

561 3743 957 3826 nuncupatio
1020 3740 1327 3826 quaedam
1385 3742 1538 3809 inde
1595 3743 1755 3811 flexa
1805 3754 1868 3809 et
1912 3743 2230 3811 declinata
2275 3748 2627 3827 (ἐκείνινον
2664 3749 2766 3825 α7,

666 3952 735 4023 1)
771 3958 915 4013 δοκεῖ
946 3961 1232 4028 γίγνεσθαι
1268 3965 1391 4013 “15.
1464 3958 1699 4024 Negatio,
1746 3980 1901 4030 quam
1946 3975 2058 4014 ante
2092 3981 2140 4013 v.
2179 3965 2324 4017 δοκεῖ
2356 3964 2509 4016 habet
2539 3961 2762 4019 Damio

554 4054 660 4095 “ex
691 4043 767 4095 his
801 4063 924 4097 non
957 4045 1187 4111 dicentur
1211 4044 1362 4097 fieri»
1397 4058 1448 4096 et
1470 4047 1680 4098 fortasse
1704 4047 1987 4101 Alexander
2020 4068 2072 4116 p.
2102 4061 2218 4113 462,
2250 4063 2298 4110 2,
2331 4070 2439 4103 non
2460 4037 2623 4119 potest
2647 4069 2760 4102 con-

466 4176 473 4183 ,
554 4127 705 4179 ciliari
740 4149 858 4180 cum
892 4131 1156 4183 enunciato
1189 4131 1414 4200 proxime
1451 4133 1704 4201 sequenti:
1745 4133 1825 4186 διὸ
1862 4130 1995 4186 ὥσπ
2010 4153 2074 4203 ερ
2113 4136 2238 4197 κτλ.,
2275 4155 2434 4205 quum
2470 4136 2671 4207 quidem
2705 4154 2759 4185 ex

552 4213 647 4265 hac
693 4215 1066 4284 comparatione
1112 4217 1291 4282 colligit
1325 4219 1442 4280 Ar„
1488 4238 1602 4269 eam
1637 4217 1921 4281 materiam,
1972 4217 2112 4270 cuius
2156 4232 2229 4270 est
2274 4226 2514 4292 στέρησις
2559 4218 2757 4287 ἄδηλος,

549 4318 655 4352 non
689 4299 886 4370 ipsam
923 4301 1147 4353 adhiberi
1182 4302 1245 4353 ad
1280 4305 1673 4372 nuncupandam
1703 4305 1936 4368 formam,
1972 4305 2401 4375 quemadmodum
2422 4306 2643 4378 privatio,
2676 4325 2756 4356 ve-

485 4387 496 4398 '
548 4385 642 4438 luti
676 4384 706 4440 ὅ
743 4386 967 4457 κάμνων,
1002 4404 1110 4441 nen
1143 4387 1423 4440 adhibetur.

2970 534 2977 567 l
