3043 4973
1094 255 1170 324 Z
1217 251 1327 326 14.
1413 252 1598 325 1039
1617 252 1678 324 b.
2347 253 2484 327 351

283 427 503 492 haberi
551 429 822 493 hominis
870 433 1017 515 equi
1063 429 1374 495 similium.
1452 432 1593 495 Nec
1637 430 1841 495 solum
1888 432 2038 496 illae
2074 434 2320 517 species
2360 435 2492 497 ani-

280 532 535 595 malium
582 532 799 619 plures
845 545 1009 612 sunt,
1054 533 1165 598 sed
1212 537 1348 619 ipsa
1395 533 1538 599 idea
1586 535 1869 599 animalis
1915 540 1979 599 in
2026 534 2489 600 multitudinem

280 636 474 700 abeat
517 657 779 702 necesse
817 649 929 716 est,
971 632 1187 702 πολλὰ
1230 639 1414 701 ἔσται
1458 634 1622 702 αὐτὸ
1668 634 1744 703 τὸ
1789 638 1957 722 ζῷον
1995 642 2099 704 ὂ9.
2176 640 2339 704 Nam
2382 644 2491 719 (rs

278 735 409 825 γάρ
450 743 552 818 1¹9,
601 750 759 826 part.
802 764 870 806 rs
919 742 1393 820 reserendaest
1437 741 1516 805 ad
1558 752 1718 828 part.
1754 745 1864 807 καὶ
1911 745 2001 807 ἔτι
2037 745 2205 821 bll)
2251 742 2317 806 id
2362 745 2493 831 ani-

280 844 426 922 mal,
472 844 644 929 quod
684 847 748 908 in
788 846 1127 911 cuiuslibet
1161 845 1446 910 animalis
1487 845 1867 911 definitione
1904 849 2268 910 continetur
2309 884 2388 897 -
2416 859 2493 934 ‚et

283 970 359 1012 ea
408 948 666 1034 quidem
706 948 899 1013 multa
948 972 1022 1013 ac
1067 950 1313 1014 diversa
1361 971 1627 1015 numero
1677 971 1816 1014 esse
1861 953 2238 1035 sumpsimus
2272 952 2352 1015 117
2391 987 2491 1028 —,

282 1056 422 1117 eius
463 1063 561 1117 est
599 1052 949 1117 substantia
994 1049 1113 1133 (οὐ
1154 1046 1283 1137 γὰρ
1328 1048 1471 1115 κατ’
1511 1046 1676 1117 ἄλλο
1722 1055 1976 1136 λέγεται
2011 1057 2154 1131 ῠΙΟ,
2198 1058 2310 1118 int.
2344 1059 2492 1117 ἕκα-

281 1177 462 1232 στον,
511 1157 552 1219 i.
589 1179 642 1219 e.
688 1151 967 1221 ἑκάστου
1011 1151 1180 1239 ζῴου
1224 1153 1340 1219 οὐκ
1384 1156 1561 1220 ἔστιν
1604 1149 1769 1219 ἄλλο
1813 1160 2001 1240 γένος
2043 1160 2155 1222 καὶ
2193 1155 2405 1235 οὐσία,
2447 1149 2494 1236 ἢ

281 1254 449 1324 αὐτὸ
506 1256 584 1322 τὸ
645 1258 829 1341 ζῷον.
907 1258 984 1323 cf.
1034 1259 1115 1324 de
1149 1262 1221 1323 vvi
1282 1280 1498 1344 praep.
1545 1255 1718 1323 κατά
1760 1259 1840 1324 ad
1888 1261 1961 1325 A
2005 1264 2064 1326 6.
2110 1263 2271 1326 987ὁ
2311 1263 2379 1325 9:
2439 1264 2495 1325 εἰ

280 1364 353 1428 δὲ
390 1358 502 1446 μή,
540 1365 581 1425 i.
616 1384 671 1426 e.
711 1367 765 1426 εὶ
804 1363 874 1427 δὲ
907 1360 1051 1427 κατ’
1087 1356 1251 1428 άλλο
1291 1364 1546 1445 λέγεται
1585 1367 1877 1442 ἕκαστον,
1913 1360 1981 1441 ἐξ
2017 1366 2280 1440 ἐκείνου,
2317 1360 2484 1427 καθ’

281 1461 326 1531 ὃ
370 1468 649 1549 λέγεται,
708 1467 892 1530 ἔσται
937 1462 973 1529 ὁ
1019 1459 1412 1551 ἄνθρωπος,
1463 1469 1576 1531 καὶ
1620 1470 1808 1548 γένος
1851 1464 2059 1531 αὐτοῦ
2099 1472 2335 1544 ἐκεῖνο,
2379 1470 2490 1532 int.

259 1567 430 1650 ,ἀλλ’
472 1567 553 1635 οὐ
592 1564 668 1634 τὸ
714 1569 899 1652 ζῷον.
965 1573 1164 1657 igitur
1208 1581 1336 1634 tum
1384 1569 1737 1656 exemplum
1778 1569 2047 1655 quidem,
2093 1590 2221 1654 quo
2262 1572 2496 1634 utimur

278 1673 652 1739 mutandum
698 1683 893 1752 esset,
951 1676 1005 1736 si
1060 1672 1291 1738 animal
1338 1695 1469 1739 non
1517 1695 1903 1760 poneremus
1951 1696 2089 1739 esse
2133 1693 2336 1761 genus
2382 1674 2496 1738 ho-

279 1780 489 1858 minis,
526 1799 629 1842 res
665 1782 805 1864 ipsa
842 1797 975 1842 non
1010 1781 1427 1858 mutaretur);
1470 1789 1663 1863 atque
1702 1789 1930 1865 partes,
1971 1801 2044 1843 ex
2083 1778 2311 1863 quibus
2350 1777 2497 1842 idea

283 1882 499 1967 aliqua
545 1893 823 1959 constat,
879 1880 1076 1945 veluti
1122 1881 1394 1955 hominis
1441 1880 1585 1946 idea
1631 1886 1697 1946 in
1743 1904 1814 1947 se
1860 1884 2147 1947 continet
2190 1876 2265 1946 τὸ
2311 1880 2495 1964 ζῷον,

284 1981 366 2050 τὸ
413 1987 648 2051 δίπουν
694 1985 794 2062 al.,
837 1996 901 2048 et
944 1988 1114 2071 ipsas
1162 1984 1337 2050 ideas
1383 2007 1525 2050 esse
1573 1996 1847 2071 oportet,
1894 2008 2015 2051 nec
2058 1995 2274 2072 potest
2316 1986 2497 2071 quid·

284 2112 471 2176 quam
517 2089 679 2154 alius
728 2111 869 2153 esse
915 2088 1294 2167 substantia,
1346 2089 1505 2154 alius
1552 2090 1715 2154 idea.
1804 2091 1897 2154 Ita
1945 2112 2132 2175 quum
2179 2099 2496 2175 appareat,

283 2197 489 2280 ipsam
529 2193 811 2257 animalis
845 2192 1052 2257 ideam
1087 2191 1681 2259 multitudinem
1718 2197 1786 2258 in
1823 2216 1892 2258 se
1929 2197 2274 2272 continere,
2310 2215 2498 2279 quae-

284 2297 556 2364 rendum
603 2306 728 2376 est,
785 2299 841 2360 si
897 2299 1096 2382 ipsam
1149 2301 1470 2381 sequimur
1512 2299 1989 2365 Platonicorum
2031 2302 2371 2375 rationem,
2427 2303 2499 2362 ἐκ

286 2403 469 2478 τίνος
522 2404 754 2483 τοῦτος
810 2404 923 2465 int.
969 2395 1045 2464 τὸ
1091 2405 1161 2466 ἐν
1204 2398 1457 2485 ἑκάστῳ
1506 2399 1647 2486 ζῴῳ
1694 2399 1773 2468 ὂν
1817 2399 1980 2467 αὐτὸ
2025 2401 2210 2484 ζῷον.
2300 2403 2500 2467 Nimi-

284 2530 428 2572 rum
476 2529 551 2571 ex
597 2526 707 2583 eo,
767 2504 942 2590 quod
1000 2509 1261 2592 ponitur
1315 2528 1509 2570 unum
1568 2528 1738 2587 esse,
1794 2504 2115 2589 αὐτοζῴῳ.
2208 2506 2293 2569 At
2343 2526 2501 2590 quo-

286 2610 488 2675 modo
551 2633 623 2675 ex
681 2630 763 2673 eo
823 2612 1091 2695 cogitari
1152 2620 1368 2695 potest
1427 2613 1732 2675 exsistere
1787 2609 1964 2673 ideas
2020 2609 2160 2674 illas
2213 2608 2498 2672 animalis

285 2715 506 2802 plures
554 2723 619 2778 et
661 2717 829 2777 inter
865 2734 935 2776 se
978 2712 1341 2777 distinctas?
1414 2714 1590 2776 Haec
1633 2717 1947 2777 sententia
1993 2711 2245 2776 videtur
2288 2713 2499 2776 inesse

289 2820 530 2884 debere
574 2820 672 2882 his
717 2817 928 2880 verbis
966 2818 1124 2882 ⁶15:
1182 2819 1294 2881 καὶ
1338 2817 1475 2892 πῶς
1518 2813 1588 2894 ἐξ
1633 2813 1840 2882 αὐτοῦ
1882 2816 2083 2899 ζῷονς
2144 2837 2304 2900 quae
2350 2813 2501 2879 licet

289 2927 377 2988 ita
437 2926 643 3010 possit
693 2920 847 2986 inde
903 2921 1109 3006 repeti
1166 2929 1237 2984 ut
1292 2917 1499 2985 αὐτοῦ
1554 2920 1722 2985 idem
1770 2938 1908 2985 esse
1956 2919 2264 2998 dicamus,
2322 2918 2501 3005 quod

291 3039 477 3092 antea
521 3049 635 3113 per
678 3045 862 3110 pron.
906 3027 1083 3100 τίνος
1126 3023 1551 3111 significatum
1598 3035 1748 3103 erat,
1794 3033 1859 3088 et
1903 3025 2072 3106 ζῷον
2116 3023 2500 3110 singularem

291 3130 578 3196 animalis
621 3128 845 3206 ideam,
890 3127 1136 3192 facilius
1183 3139 1393 3192 tamen
1429 3140 1579 3214 apta
1608 3132 1920 3192 sententia
1957 3131 2228 3205 exsistet,
2273 3129 2325 3190 si
2359 3149 2499 3190 cum

294 3234 484 3300 codd.
518 3232 716 3298 EST
745 3231 888 3297 edd.
925 3231 1067 3295 Ald.
1101 3231 1280 3316 Sylb.
1314 3235 1491 3295 Bess;
1527 3227 1731 3295 αὐτοῦ
1769 3225 1972 3312 ζῴου
2008 3230 2115 3294 vel
2150 3254 2289 3294 cum
2321 3229 2498 3293 Alex.

291 3364 358 3427 p.
392 3340 539 3416 498,
585 3342 627 3402 6
674 3347 740 3400 et
781 3360 839 3399 v.
876 3336 916 3401 l.
964 3334 1105 3399 cod.
1144 3336 1215 3399 Ε
1255 3330 1672 3417 αὑτοζῴου
1715 3338 2170 3420 scripserimus.
2202 3371 2287 3382 —-
2336 3335 2502 3397 Ean-

295 3444 438 3509 dem
501 3439 934 3506 difficultatem
995 3439 1403 3525 sequentibus
1459 3440 1744 3524 proxime
1800 3438 2015 3502 verbis
2073 3438 2197 3502 alia
2252 3442 2511 3527 ratione

295 3545 644 3634 significan
702 3530 890 3608 antea
936 3547 1274 3628 quaesivit,
1332 3543 1659 3628 quomodo
1719 3563 1794 3607 ex
1853 3538 2157 3625 αὑτοζῴῳ
2205 3545 2505 3606 exsistant

295 3649 588 3736 singulae
632 3651 980 3734 specierum
1027 3646 1384 3712 animalium
1429 3646 1644 3723 ideae3
1702 3650 1823 3710 iam
1869 3649 2140 3732 quaerit,
2199 3648 2304 3730 qui
2355 3665 2503 3731 pos-

297 3757 382 3818 sit
439 3753 704 3817 alterum
765 3755 937 3816 iuxta
1002 3751 1266 3816 alterum
1335 3755 1599 3816 seorsim
1670 3754 1998 3816 exsistere:
2064 3743 2111 3828 ἢ
2164 3750 2300 3824 πῶς
2358 3744 2505 3813 οἷόν

295 3879 367 3922 τε
414 3854 580 3921 εἶναι
624 3849 701 3920 τὸ
746 3855 914 3939 ζῷον
961 3849 998 3918 ὃ
1046 3853 1268 3932 οὐσία,
1323 3856 1519 3920 τοῦτο
1561 3846 1743 3920 “abui
1787 3852 1944 3941 παρ’
1987 3847 2270 3919 aimo-td
2316 3852 2502 3936 ζῷον.

299 3959 523 4024 Verba
566 3961 761 4024 τοῦτο
808 3952 1002 4035 αὐτό,
1060 3969 1131 4022 ut
1184 3980 1356 4022 nunc
1411 3968 1616 4023 textus
1677 3968 1743 4023 et
1800 3959 2132 4023 exhibetur
2178 3966 2242 4021 et
2285 3956 2505 4021 distin-

296 4068 543 4151 guitur,
588 4060 927 4138 admodum
972 4073 1121 4126 sunt
1164 4061 1493 4149 languida3
1550 4064 1669 4125 nisi
1713 4061 1904 4127 fallor
1946 4062 2264 4127 lenissima
2309 4070 2505 4126 muta-

299 4172 478 4232 tione
518 4165 921 4230 scribendum
961 4176 1084 4229 est:
1130 4159 1173 4244 ἢ
1216 4169 1353 4241 πῶς
1397 4161 1546 4230 οἶόν
1587 4187 1658 4229 τε
1703 4160 1867 4230 εἶναι
1911 4158 1987 4229 τὸ
2033 4165 2201 4247 ζῷον
2246 4168 2397 4243 (int.
2428 4158 2503 4229 τὸ

297 4275 371 4335 ἐν
412 4265 666 4352 ἑκάστῳ
709 4270 948 4353 ζῷον),
1006 4259 1060 4352 ᾧ
1105 4273 1280 4348 (sive
1326 4261 1453 4358 οὗ)
1513 4266 1711 4334 οὐσία
1764 4273 1957 4335 τοῦτο
2016 4264 2181 4333 αὐτό
2229 4271 2380 4348 (int.
2424 4260 2503 4331 τὸ

295 4370 442 4459 ζῴῳ
487 4369 671 4450 εἶναι,
716 4373 793 4437 cf.
836 4374 981 4452 1²8),
1025 4370 1183 4459 παρ’
1223 4364 1386 4439 αὐτὸ
1431 4366 1507 4438 τὸ
1555 4373 1739 4457 ζῷον.
