3043 4973
545 243 686 318 192
1367 244 1439 318 Γ
1480 241 1547 315 4.
1633 239 1904 315 10070.
1971 184 1990 195 ’

536 425 596 487 εὶ
637 413 809 488 κατὰ
846 414 1097 496 παντὸς
1135 414 1503 508 ἀνθρώπου
1539 418 1725 504 ζῷον,
1769 423 1827 485 εὶ
1868 414 2126 498 ἀληθὲς
2166 410 2349 485 τόνδ’
2386 420 2591 486 εἰπεῖν
2626 412 2748 484 ἄν-
2803 461 2812 467 -

535 527 837 611 θρωπον,
881 519 1138 602 ἀληθὲς
1179 526 1293 590 καὶ
1333 523 1521 608 ζῷὀν.

671 628 986 693 10061134
1032 624 1069 692 ὁ
1115 623 1175 691 δ’
1216 621 1466 704 αὐτὸς
1502 664 1584 678 -
1626 628 1835 694 1007a
1857 628 1946 693 20
1983 626 2477 709 διαλέγεται.
2544 624 2745 711 Quod

535 734 862 819 hucusque
898 730 1354 798 demonstravit
1388 751 1648 796 exorsus
1679 752 1717 795 a
1745 734 2015 796 notione
2044 730 2336 807 hominiS‚
2376 729 2546 797 idem
2575 752 2748 797 nunc

537 836 920 924 comprobat
958 835 1284 922 profectus
1331 857 1367 901 a
1410 838 1681 900 notione
1732 837 2032 924 negativa
2085 834 2501 911 non-homo;
2563 856 2746 921 quam

537 944 1150 1030 argumentationem
1196 961 1310 1004 cur
1350 938 1699 1027 distinguat
1742 962 1779 1004 a
1823 941 2158 1025 superiore
2194 960 2332 1004 non
2364 938 2591 1016 video;
2635 960 2747 1004 ne-

536 1067 664 1133 que
695 1048 860 1112 enim
890 1046 1030 1131 ipsa
1063 1065 1133 1108 re
1165 1042 1416 1110 diversa
1445 1052 1542 1108 est
1575 1044 1655 1108 ab
1700 1042 1829 1123 illa,
1875 1046 2174 1129 quoniam
2221 1042 2446 1110 eadem
2490 1053 2589 1109 est
2631 1065 2747 1130 op-

535 1152 776 1238 positio
822 1150 958 1213 sive
1004 1148 1084 1213 ab
1129 1148 1256 1213 hoc
1300 1150 1434 1214 sive
1476 1147 1557 1212 ab
1594 1147 1711 1212 illo
1740 1150 1991 1213 initium
2021 1147 2266 1227 feceris,
2311 1169 2522 1234 neque
2554 1150 2744 1213 ratio-

536 1255 727 1320 nibus
769 1247 970 1320 utitur
1013 1253 1151 1318 aliis
1197 1262 1387 1338 atque
1432 1261 1637 1318 antea.
1721 1253 1963 1318 Nititur
2008 1239 2171 1318 enim
2216 1252 2377 1317 haec
2420 1254 2605 1316 etiam
2651 1274 2748 1316 ar-

536 1360 930 1447 gumentatio
988 1360 1058 1422 in
1119 1378 1229 1437 eo,
1285 1354 1460 1443 quod
1516 1378 1635 1443 per
1688 1358 2031 1441 σημαίνειν
2089 1361 2159 1422 ἕν
2214 1356 2563 1422 denotatur
2607 1358 2747 1442 ipsa

535 1465 743 1541 notio,
786 1482 923 1527 non
968 1460 1320 1527 accidentia
1364 1464 1638 1526 notioni.
1727 1461 1940 1547 Atque
1984 1460 2156 1526 hunc
2196 1461 2334 1527 fere
2374 1464 2444 1526 in
2486 1460 2746 1526 modum

533 1566 644 1631 Ar.
692 1575 1184 1655 argumentatur.
1274 1563 1509 1631 Album
1566 1564 1889 1630 diversum
1935 1574 2032 1630 est
2076 1565 2155 1630 ab
2202 1565 2489 1644 homine,
2547 1568 2747 1653 magis

539 1672 728 1736 etiam
773 1668 1090 1735 diversum
1139 1679 1237 1734 est
1279 1671 1662 1736 non-homo
1710 1669 1789 1734 ab
1836 1670 2111 1749 homine,
2156 1671 2453 1755 quoniam
2490 1678 2749 1754 praeter

538 1773 971 1840 diversitatem
1029 1777 1216 1839 etiam
1275 1779 1752 1862 oppositionem
1807 1777 1875 1839 in
1934 1796 2005 1839 se
2062 1776 2379 1849 continet3
2437 1795 2636 1860 quare
2692 1776 2748 1840 si

535 1877 649 1944 illa
690 1899 828 1950 non
872 1899 1014 1942 esse
1058 1878 1227 1942 idem
1273 1878 1663 1955 conceditur,
1706 1880 1906 1968 magis
1951 1878 2122 1943 idem
2165 1878 2249 1943 de
2292 1877 2390 1942 his
2435 1881 2558 1942 erit
2595 1899 2747 1944 con-

538 1981 910 2049 cedendum.
979 1982 1094 2047 Sin
1116 1982 1265 2061 illa,
1309 1977 1539 2049 λευκὸν
1584 1982 1730 2047 dico
1777 1991 1842 2046 et
1887 1975 2267 2070 ἄνθρωπος,
2314 2001 2505 2047 unum
2551 1982 2748 2048 idem-

538 2108 663 2171 que
708 2108 849 2152 esse
894 2089 1033 2172 quis
1074 2086 1321 2167 dixerit,
1364 2089 1665 2174 quoniam
1706 2085 1788 2151 de
1825 2085 2051 2152 eodem
2089 2084 2550 2173 praedicantur,
2592 2085 2746 2156 inde

536 2185 951 2278 consequitur
994 2191 1267 2269 (ἔσται
1302 2194 1411 2269 αδ,
1457 2190 1634 2278 quod
1673 2211 1750 2255 ex
1777 2189 2143 2258 Alexandro
2186 2194 2416 2276 repetii
2451 2212 2573 2276 pro
2610 2189 2747 2256 vul-

535 2304 691 2383 gato
737 2296 903 2372 ἔστι,
949 2294 1026 2358 cf.
1071 2294 1153 2359 ad
1201 2296 1403 2361 looflb
1446 2297 1562 2375 17,
1618 2305 1909 2381 tempore
1951 2295 2167 2360 futuro
2213 2295 2443 2359 factam
2490 2316 2567 2359 ex
2612 2296 2749 2380 opi·

536 2403 737 2466 nione
776 2398 1282 2466 adversariorum
1325 2402 1842 2485 consequentiam
1885 2398 2163 2477 denotat,
2209 2399 2286 2463 cf.
2318 2398 2477 2465 Obs.
2507 2423 2570 2485 p.
2601 2400 2747 2479 63),

538 2525 667 2592 quo
714 2486 902 2570 antea
945 2507 1069 2570 iam
1113 2502 1463 2570 deduxerat
1506 2503 1937 2583 adversarios,
2000 2506 2202 2573 100611
2242 2507 2353 2584 17,
2410 2514 2486 2570 ut
2535 2505 2747 2569 omnia

535 2612 666 2675 sint
708 2608 906 2688 idem,
948 2631 1072 2674 nec
1116 2607 1353 2688 solum,
1395 2608 1466 2673 id
1510 2607 1687 2694 quod
1730 2608 1959 2674 volunt
2003 2610 2302 2695 principii
2344 2608 2748 2687 infitiatores,

536 2724 608 2779 ut
652 2717 949 2801 opposita
993 2715 1124 2777 sint
1165 2711 1351 2778 idem.
1425 2713 1555 2777 Iam
1602 2712 1873 2779 concedi
1915 2721 2147 2799 potest,
2193 2714 2249 2776 si
2294 2715 2435 2798 quis
2479 2716 2749 2781 interro-

536 2826 740 2905 getur,
784 2826 994 2897 utrum
1037 2816 1201 2882 illud
1246 2821 1328 2882 sit
1363 2817 1576 2897 homo,
1621 2840 1772 2883 vere
1804 2814 2279 2903 quodammodo
2317 2838 2457 2881 eum
2487 2836 2751 2904 respon-

538 2920 696 2986 dere
730 2942 945 3008 posse,
971 2942 1113 2986 esse
1143 2918 1302 2985 illud
1334 2930 1399 2985 et
1425 2921 1742 2987 hominem
1773 2933 1841 2987 et
1867 2923 2373 2987 non-hominem
2412 2925 2553 3003 (est
2582 2924 2748 2985 enim

535 3047 599 3091 v.
642 3046 706 3112 g.
751 3024 963 3105 albus,
1020 3028 1293 3090 musicus
1339 3033 1489 3104 cet„
1547 3046 1712 3111 quae
1770 3028 1982 3093 omnia
2037 3029 2107 3090 in
2165 3023 2407 3093 ambitu
2459 3027 2747 3093 notionis

535 3129 920 3195 non-homo
968 3133 1446 3211 continentur),
1505 3140 1571 3194 at
1613 3133 1668 3194 is
1712 3132 1780 3195 in
1826 3151 1906 3195 eo
1951 3128 2059 3194 vel
2108 3129 2348 3195 fallitur
2402 3128 2510 3194 vel
2568 3129 2748 3210 fallit,

537 3233 716 3320 quod
774 3236 1204 3323 interrogatus
1257 3231 1655 3320 simpliciter,
1713 3234 1865 3321 quid
1909 3237 2015 3299 sit
2057 3232 2248 3313 illud,
2306 3236 2610 3300 immiscet
2649 3255 2749 3299 re-

537 3340 876 3424 sponsioni
904 3337 1059 3425 quid
1085 3338 1178 3404 illi
1210 3337 1433 3404 accid
1449 3348 1552 3415 at;
1582 3337 2032 3428 distinguenda
2058 3349 2264 3405 autem
2288 3347 2436 3407 sunt
2457 3338 2749 3405 acciden-

535 3444 625 3506 tia
669 3441 751 3506 ab
796 3445 934 3528 ipsa
978 3444 1074 3506 rei
1102 3452 1328 3507 natura
1359 3451 1424 3508 et
1453 3445 1725 3508 notione
1759 3465 1835 3508 ac
1860 3447 1984 3508 iam
2015 3452 2360 3530 propterea
2387 3463 2524 3507 non
2551 3445 2749 3507 immi-

541 3544 780 3610 scenda
837 3548 1273 3631 responsioni,
1331 3551 1628 3632 quoniam
1684 3546 1789 3611 vel
1845 3550 2060 3613 omnia
2116 3558 2266 3613 sunt
2321 3543 2747 3613 enumeranda

535 3647 643 3714 vel
686 3670 952 3737 prorsus
999 3649 1375 3728 omittenda;
1437 3653 1792 3716 enumerari
1835 3663 2044 3717 autem
2090 3652 2333 3728 omnia,
2384 3659 2610 3737 utpote
2652 3650 2749 3713 in-

537 3752 820 3834 definita,
863 3775 1000 3819 non
1043 3765 1333 3840 possunt.
1400 3758 1428 3837 (
1442 3775 1477 3811 a
1496 3756 1578 3820 18
1621 3760 1679 3820 εὶ
1719 3751 1813 3839 μὴ
1856 3757 1968 3821 καὶ
2012 3744 2228 3820 τᾶλλα
2269 3792 2357 3804 --
2400 3773 2746 3842 προσαπο-

426 3918 435 3923 ,
534 3861 807 3943 κριτέον.
877 3857 1271 3926 Coniectura
1302 3857 1694 3937 Casauboni,
1739 3864 1794 3925 εὶ
1838 3860 1908 3925 δὲ
1949 3854 2062 3945 μή,
2103 3860 2220 3924 καί
2256 3858 2587 3925 scribentis
2621 3876 2744 3944 pro

536 3965 593 4027 εὶ
634 3953 729 4045 μὴ
771 3963 901 4042 καί,
950 3975 1047 4029 est
1089 3985 1243 4028 sane
1291 3986 1401 4029 cur
1443 3961 1721 4050 placeat3
1767 3961 2024 4051 vulgata
2071 3966 2237 4028 enim
2283 3963 2483 4028 verba
2521 3982 2745 4048 parum

533 4064 834 4133 videntur
878 4077 1052 4155 apta,
1103 4068 1413 4154 siquidem
1456 4089 1594 4133 non
1642 4075 1777 4132 erat
1821 4065 2189 4132 dicendum:
2244 4069 2370 4132 nisi
2411 4075 2745 4154 praeterea

533 4165 1192 4257 responde'ndum
1239 4183 1387 4250 est,
1433 4171 1550 4237 sed
1589 4175 1833 4259 potius:
1880 4173 2005 4235 nisi
2040 4182 2372 4256 praeterea
2409 4190 2747 4258 respon-

537 4270 729 4339 dere
771 4274 1156 4341 voluerit.
1231 4276 1455 4341 Potest
1498 4285 1711 4340 tamen
1755 4278 2070 4361 acquiesci
2113 4277 2182 4340 in
2226 4275 2400 4363 vulg.
2442 4274 2744 4351 lectione,

533 4380 591 4441 si
634 4400 771 4444 eam
815 4383 909 4445 sic
950 4382 1471 4466 interpretemur:
1509 4381 1634 4444 nisi
1677 4378 1846 4444 forte
1887 4377 2215 4445 voluerint
2251 4378 2597 4447 adversarii
2633 4377 2746 4458 illi,

533 4482 985 4571 respondenda
1032 4506 1171 4551 esse
1215 4493 1548 4571 praeterea
1594 4486 1808 4549 omnia
1853 4482 2267 4566 accidentia.)
