3043 4973
1085 207 1099 216 ’
1158 189 1231 305 Τ
1270 231 1338 307 3.
1421 229 1728 309 1005b.·
2390 232 2528 308 185

319 403 678 500 templetur.
748 412 836 476 At
878 409 1193 478 eiusmodi
1238 412 1526 499 cognitio
1571 431 1708 476 non
1752 420 1851 477 est
1892 412 2215 498 physicae,
2259 409 2373 476 sed
2405 413 2531 498 pri-

318 538 464 583 mae
486 513 976 603 philosophiae.

456 622 663 685 1⁰⁰5&
694 621 739 684 2
782 614 938 685 ὅσα
982 616 1042 684 δ’
1081 619 1550 706 ἐγχειροῦσι
1596 657 1677 670 -
1725 620 1767 685 5
1814 618 2107 699 ζητεῖν.
2197 618 2333 683 Suo
2377 616 2532 682 loco

321 734 560 789 motam
617 741 761 789 esse
816 723 982 792 hanc
1035 726 1546 789 enunciationem
1604 733 1669 788 et
1712 719 2077 809 ponendam
2121 725 2340 808 potius
2380 731 2536 807 post

321 831 406 894 1³5
466 822 571 893 ὅτι
624 828 748 912 μὲν
804 817 924 893 οὖν
966 865 1055 879 --
1099 830 1145 894 8
1189 828 1395 908 δῆλον
1438 826 1803 892 Alexander
1853 826 2093 892 iudicat
2146 850 2208 913 p.
2250 827 2399 905 223,
2444 828 2528 892 17

325 934 547 1013 (cuins
604 934 985 997 sententiam
1040 930 1275 1019 probat
1330 931 1540 996 Schw.
1598 930 1679 996 ad
1735 931 1797 996 h
1852 930 1963 1012 l.),
2021 934 2322 1024 speciose
2369 929 2530 995 illud

326 1033 612 1123 quidem,
655 1034 774 1100 sed
819 1035 1048 1101 dubito
1092 1056 1243 1101 num
1286 1033 1393 1100 vel
1436 1057 1591 1100 vere
1634 1034 1741 1100 vel
1783 1038 2166 1100 necessario.
2253 1036 2534 1099 Possunt

329 1143 494 1206 enim
538 1161 695 1205 sane
739 1141 898 1206 haec
936 1140 1134 1206 verba
1174 1144 1297 1205 ita
1311 1139 1609 1227 explicari
1654 1137 1772 1222 (cf.
1820 1138 1999 1204 Alex.
2042 1139 2086 1204 l.
2131 1138 2173 1204 l.
2188 1142 2234 1219 )‚
2279 1147 2350 1203 ut
2392 1161 2532 1203 cum

325 1255 633 1331 sequente
675 1247 961 1331 proxime
1008 1249 1561 1334 argumentatione
1602 1239 1919 1329 προσήκει
1962 1244 2031 1309 δὲ
2073 1244 2209 1309 κτλ.
2247 1252 2383 1308 arte
2424 1263 2534 1308 co-

326 1349 591 1414 haerere
648 1349 771 1431 (cf.
822 1353 1007 1415 etiam
1063 1353 1132 1415 in
1185 1354 1339 1438 ipsis
1389 1349 1606 1415 verbis
1660 1344 1891 1429 ἥκειν
1932 1350 2530 1434 προεπισταμένους

326 1456 437 1532 ὄ5,
483 1456 700 1539 ἔχειν
742 1455 952 1538 λέγειν
987 1455 1100 1535 ὖ8,
1151 1449 1377 1536 ἥκειν
1421 1455 1716 1540 ἔχοντα
1753 1453 1956 1534 ὂ17),
2012 1474 2049 1516 a
2094 1452 2530 1537 superioribus

248 1619 259 1624 -
328 1567 536 1622 autem
593 1560 881 1623 seiuncta
938 1579 1078 1623 esse
1122 1559 1479 1626 videantur.
1572 1556 1703 1623 Sed
1746 1560 1801 1622 si
1845 1560 1984 1643 quis
2029 1555 2398 1643 diligentius
2440 1566 2535 1620 at-

325 1660 620 1740 tenderit,
664 1661 985 1730 dubitabit
1019 1662 1345 1752 vulgatum
1381 1661 1724 1729 verborum
1755 1660 2046 1726 ordinem
2069 1669 2342 1725 tentare.
2406 1661 2535 1725 Re-

325 1766 619 1831 vocanda
663 1775 814 1832 sunt
860 1788 897 1831 e
940 1767 1377 1855 superioribus
1421 1770 1490 1832 in
1536 1768 1902 1830 memoriam
1946 1762 2142 1829 verba
2183 1765 2348 1829 α29.
2387 1756 2536 1829 διό-

325 1892 448 1957 περ
506 1867 741 1947 οὐθεὶς
792 1871 926 1937 τῶν
980 1865 1155 1936 κατὰ
1202 1875 1402 1997 μέρος
1445 1864 1973 1937 ἐπισκοπούντων
2016 1872 2287 1954 ἐγχειρεῖ
2327 1868 2538 1952 λέγειν

325 1997 393 2039 τι
434 1975 584 2062 περὶ
624 1971 858 2054 αὐτῶν,
904 1980 960 2041 εὶ
1002 1972 1238 2056 ἀληθῆ
1281 1970 1327 2056 ἢ
1368 1971 1491 2060 μή,
1539 1997 1680 2039 cum
1722 1973 1820 2038 his
1867 1976 2034 2038 enim
2080 1971 2536 2060 coniungenda

329 2089 478 2143 sunt
520 2079 873 2166 cogitando
919 2073 1048 2146 ὅσα
1093 2075 1153 2144 δ’
1190 2081 1550 2167 ἐγχειροῦσι
1591 2079 1759 2156 κτλ.,
1811 2094 1973 2164 quae
2015 2075 2211 2142 verba
2255 2077 2426 2141 hunc
2463 2079 2535 2141 in

327 2181 597 2246 modum·
647 2182 922 2249 arbitror
977 2182 1431 2249 construenda:
1490 2178 1624 2250 ὅσα
1682 2183 1752 2248 δέ
1807 2204 1977 2258 τινες
2030 2182 2164 2246 τῶν
2209 2175 2534 2265 λεγόντων

330 2289 483 2367 (int.
528 2288 678 2373 περὶ
720 2287 851 2353 τῶν
896 2283 1323 2372 ἀξιωμάτων)
1367 2287 1729 2375 ἐγχειροῦσι
1775 2287 1986 2370 λέγειν
2022 2285 2172 2371 περὶ
2212 2285 2330 2364 τῆς
2369 2280 2535 2364 ἀλη-

327 2391 545 2468 θείας,
589 2387 670 2456 ὅν
711 2388 961 2478 τρόπον
1006 2393 1105 2458 δεῖ
1148 2389 1608 2477 ἀποδέχεσθαι
1644 2385 1868 2470 αὐτήν,
1914 2391 1976 2454 h.
2010 2411 2065 2454 e.
2109 2387 2286 2474 quod
2325 2399 2535 2453 autem

331 2496 584 2584 quidam
629 2518 706 2560 ex
747 2499 824 2562 iis
869 2498 1170 2584 physicis,
1216 2501 1324 2584 qui
1368 2499 1746 2561 axiomatum
1790 2498 2178 2561 mentionem
2222 2503 2534 2580 tamquam

327 2604 746 2667 necessariam
793 2623 947 2666 suae
991 2601 1460 2679 admiscuerunt
1501 2602 1837 2679 scientiae,
1880 2597 2198 2663 disserere
2241 2618 2538 2683 suscepe-

327 2715 504 2784 runt,
563 2726 685 2791 qua
741 2708 991 2770 ratione
1048 2709 1251 2793 accipi
1296 2714 1629 2792 oporteret
1669 2706 2032 2782 veritatem,
2089 2724 2160 2767 se
2202 2721 2338 2767 non
2382 2703 2536 2766 satis
2631 2746 2651 2792 ·.

332 2809 618 2875 eruditos
679 2820 744 2875 et
797 2820 1215 2897 praeparatos
1270 2830 1412 2874 esse
1457 2809 1743 2874 doctrina
1790 2805 2108 2892 analytica
2151 2808 2275 2893 ipsi
2319 2805 2538 2893 prodi-

331 2914 589 2991 derunt3
641 2914 792 2979 talia
837 2917 1004 2979 enim
1049 2912 1426 2992 diiudicare,
1475 2912 1676 2978 veluti
1718 2933 1882 2999 quae
1928 2910 2538 2993 demonstrationem

327 3022 667 3105 requirant,
716 3040 874 3104 quae
918 3039 1057 3083 non
1101 3019 1181 3085 cf.
1229 3017 1312 3084 ad
1354 3017 1423 3083 B
1451 3019 1514 3082 2.
1557 3019 1812 3097 997a-7,
1857 3015 1980 3079 alia
2024 3015 2092 3080 id
2136 3036 2361 3103 genus,
2399 3036 2538 3081 non

327 3125 632 3211 physicae
679 3133 777 3187 est
817 3125 1120 3188 scientiae
1165 3122 1280 3188 scd
1327 3121 1703 3208 analyticae,
1755 3142 1917 3207 quae
1963 3118 2133 3183 illam
2176 3140 2537 3204 praecesse-

327 3232 416 3292 rit
455 3238 731 3315 oportet.
797 3229 892 3292 Ita
938 3240 1084 3314 apte
1129 3238 1281 3314 post
1323 3228 1484 3291 haec
1515 3225 1714 3290 verba
1747 3224 1997 3290 demum
2031 3221 2355 3287 videbitur
2387 3241 2539 3285 con-

334 3332 591 3398 cludere
626 3327 731 3398 ὅτι
763 3334 883 3416 μὲν
923 3324 1043 3398 οὖν
1070 3367 1157 3380 -
1188 3331 1411 3409 δῆλον.
1442 3368 1531 3379 -
1570 3330 1656 3394 ὂ3
1692 3324 1788 3392 δι’
1828 3324 2410 3404 ἀπαιδευσίαν,
2457 3324 2536 3389 cf.

332 3461 379 3500 a
421 3438 481 3502 3.
524 3439 692 3505 9950:
732 3434 1038 3501 12-14.
1102 3435 1245 3501 Eth.
1291 3434 1433 3499 Nic.
1479 3435 1509 3498 Ι
1558 3435 1616 3497 1.
1666 3433 1870 3497 109411
1905 3432 2013 3496 23.

467 3543 669 3606 lssss5b
694 3540 739 3605 8
773 3535 1172 3626 προσήκει
1202 3576 1285 3589 -
1317 3540 1406 3604 32
1445 3532 1759 3602 τούτου.
1821 3534 1924 3600 Ad
1955 3535 2332 3621 principium
2363 3530 2540 3619 quod

331 3645 557 3711 dicunt
597 3644 1116 3710 contradictionis
1176 3653 1489 3728 tamquam
1536 3660 1840 3706 summum
1888 3635 2325 3727 cognoscendi
2368 3640 2542 3722 prin-

208 3742 213 3745 *
331 3752 564 3836 cipium
613 3760 676 3814 et
720 3747 1248 3836 proponendum
1263 3758 1327 3812 et
1371 3744 1809 3811 excutiendum
1854 3746 2019 3806 viam
2059 3745 2148 3806 ita
2186 3742 2308 3806 sibi
2343 3752 2541 3828 parat,

330 3864 402 3919 ut
446 3852 895 3952 philosophiae
939 3855 1182 3938 primae
1230 3872 1371 3915 esse
1418 3850 1587 3915 dicat
1628 3850 1983 3914 firmissima
2026 3866 2274 3933 ponere
2312 3849 2542 3933 princi

332 3961 467 4045 pia,
539 3957 774 4023 deinde
845 3957 1052 4044 qualia
1115 3977 1190 4021 ea
1249 3953 1530 4019 debeant
1582 3975 1722 4018 esse
1769 3962 2070 4039 exponat,
2141 3960 2329 4036 atque
2384 3951 2544 4015 haec

334 4084 496 4149 quae
549 4065 961 4149 requiruntur
1017 4059 1247 4124 cadere
1302 4062 1368 4125 in
1426 4060 1806 4145 principium
1867 4054 2389 4122 contradictionis
2433 4056 2544 4120 de-

333 4177 662 4232 monstret.
737 4166 985 4231 Primae
1030 4163 1479 4253 philosophiae
1521 4165 1898 4249 principium
1945 4169 2207 4247 oportet
2251 4168 2316 4224 et
2358 4163 2545 4245 aptis·

331 4272 554 4335 simum
612 4274 697 4335 sit
751 4270 833 4335 ad
891 4267 1412 4358 cognoscendum
1467 4260 2020 4353 (γνωριμωτάτην
2055 4266 2229 4346 ⁶13)
2284 4284 2407 4327 nec
2457 4262 2540 4326 ab

332 4374 683 4462 hypothesi
728 4374 1025 4463 pendeat.
1116 4373 1285 4440 Illud
1328 4395 1449 4460 per
1490 4395 1564 4438 se
1608 4382 1813 4460 patet,
1859 4374 2006 4456 quia
2051 4370 2334 4446 scientia,
2380 4387 2542 4452 quae
