3043 4973
1133 250 1209 318 Z
1250 247 1319 320 6.
1402 246 1668 321 10316,
2361 251 2502 326 317

297 421 429 487 Sed
471 420 557 487 ab
604 420 730 487 hoc
773 420 1026 508 quidem
1074 444 1292 489 errore
1338 426 1764 491 ratiocinandi
1805 426 1991 493 liberi
2035 432 2295 509 erimus»,
2340 432 2395 494 si
2437 432 2505 493 in

295 536 565 613 utraque
627 529 1075 613 propositione
1135 528 1566 615 praedicatum
1623 532 1909 597 subiecto
1968 534 2282 599 tribuatur
2334 527 2509 597 κατὰ

297 625 742 715 συμβεβηκός,
800 630 1002 696 veluti
1046 626 1411 718 ἄνθρωπος
1456 627 1658 698 ταύτὸ
1703 638 1814 701 καὶ
1858 630 2081 713 λευκὸς
2126 632 2505 725 ἄνθρωπος,

298 727 665 818 ἄνθρωπος
709 729 909 799 ταύτὸ
956 737 1067 800 καὶ
1108 732 1421 821 μουσικὸς
1463 731 1856 825 ἄνθρωπος,
1914 750 2104 824 atque
2161 741 2310 806 inde
2357 764 2506 806 con-

300 835 596 903 cludatur
651 847 720 903 ut
776 837 944 903 idem
1003 841 1085 903 sit
1139 833 1217 904 τὸ
1272 841 1473 924 λευκῷ
1533 838 1702 906 εἶναι
1757 853 1821 906 et
1865 837 1941 906 τὸ
1985 846 2274 928 μουσικῷ
2320 842 2503 909 εἶναι.

299 942 477 1005 Haec
533 951 742 1006 autem
801 965 991 1029 quum
1044 943 1151 1008 vel
1196 942 1407 1008 obiter
1449 947 1765 1031 spectanti
1809 958 2111 1033 appareat
2155 952 2506 1035 speciosius

299 1043 607 1131 disputari
664 1069 847 1133 quam
905 1049 1115 1112 verius
1174 1047 1338 1128 (alia
1399 1052 1564 1113 enim
1621 1070 1882 1134 prorsus
1935 1054 2118 1116 notio
2166 1074 2238 1116 ac
2283 1062 2508 1117 natura

301 1148 540 1214 coloris
587 1149 743 1232 albi,
788 1152 910 1217 alia
959 1156 1106 1217 artis
1150 1155 1489 1233 musicae),
1537 1175 1620 1218 ne
1664 1153 1943 1219 refutare
1989 1156 2240 1241 quidem
2288 1155 2508 1244 digna-

300 1263 429 1332 tur,
488 1254 605 1320 sed
659 1258 727 1321 in
788 1278 869 1321 eo
925 1259 1266 1342 acquiescit
1323 1266 1395 1321 ut
1451 1258 1611 1321 haec
1660 1261 1899 1322 nemini
1941 1261 2027 1325 ita
2074 1259 2278 1325 videri
2324 1256 2508 1336 dicat,

300 1358 476 1422 δοκεῖ
522 1356 583 1423 δ’
622 1352 700 1425 οὕ
736 1362 892 1426 «128.
932 1397 1014 1410 —-
1061 1363 1197 1425 ⁶24
1242 1353 1288 1440 ἢ
1331 1357 1449 1426 οὐκ
1493 1356 1750 1445 ἀνάγκη
1795 1363 1929 1427 κτλ.
2001 1363 2106 1427 De
2149 1367 2215 1429 vi
2258 1374 2414 1451 part.
2461 1356 2508 1443 ἥ

300 1460 382 1527 cf.
428 1461 510 1527 ad
556 1462 616 1528 4.
667 1465 875 1530 1030a
914 1467 978 1531 3.

435 1568 645 1634 10:31⁶
687 1569 774 1633 28
820 1570 950 1634 ἐπὶ
995 1569 1077 1634 δὲ
1125 1605 1205 1618 -
1246 1571 1377 1634 ⁶22
1423 1560 1682 1659 ἄμφω.
1775 1570 1870 1635 Ita
1929 1580 2298 1657 persecutus
2349 1573 2509 1636 acei-

301 1669 516 1735 dentia
574 1675 798 1737 transit
854 1671 937 1737 ad
995 1694 1071 1737 ea
1129 1695 1291 1758 quae
1347 1694 1465 1759 per
1519 1695 1591 1737 se
1645 1695 1785 1738 esse
1831 1674 2154 1755 dicuntur,
2212 1685 2277 1740 et
2319 1677 2387 1739 in
2427 1675 2508 1739 iis

300 1773 551 1861 quidem
612 1776 993 1861 comprobat
1038 1775 1207 1841 idem
1254 1798 1395 1842 esse
1439 1798 1572 1840 rem
1620 1788 1684 1842 et
1726 1781 1822 1843 rei
1866 1802 1997 1859 τηε.
2088 1780 2159 1845 Si
2205 1781 2372 1844 enim
2420 1777 2509 1842 di-

299 1900 483 1944 versa
528 1883 697 1945 inter
739 1902 810 1944 se
858 1892 921 1945 et
968 1880 1278 1947 disiuncta
1324 1876 1827 1962 (ἀπολελύσθαι
1868 1884 1981 1962 ὁ4,
2028 1882 2106 1948 cf.
2143 1882 2336 1969 Phys.
2374 1883 2403 1947 1
2446 1884 2507 1948 1.

303 1984 469 2048 185a
507 1985 631 2062 28)
679 2004 819 2048 esse
863 1989 1223 2066 statuimus,
1282 1980 1368 2050 τὰ
1409 2007 1523 2063 τηε
1570 1985 1959 2056 substantiae
2005 1998 2218 2066 erunt,
2276 1988 2353 2051 iis
2413 2008 2511 2052 re·

299 2085 448 2165 bue,
508 2109 770 2173 quarum
829 2092 1161 2154 continent
1212 2111 1354 2168 τηε,
1412 2088 1727 2176 dignitate
1773 2095 2167 2178 superiores,
2225 2095 2280 2156 εὶ
2321 2084 2399 2155 τὸ
2444 2091 2512 2154 τί

299 2180 386 2270 ἦν
432 2185 601 2255 εἶναι
643 2187 839 2257 οὐσία
884 2195 1062 2257 ἐστίν
1102 2195 1213 2271 ῠ2,
1262 2193 1339 2257 cf.
1382 2194 1542 2257 ⁶31:
1601 2191 1774 2280 εἴπερ
1821 2191 2018 2259 οὐσία
2060 2188 2138 2260 τὸ
2183 2197 2248 2259 τί
2296 2184 2377 2275 ἦν
2422 2191 2510 2260 εἶ-

298 2317 433 2361 ναι.
524 2295 620 2360 Ita
665 2317 821 2360 vero
869 2295 1057 2360 simul
1103 2308 1169 2364 et
1211 2318 1422 2361 rerum
1469 2299 1733 2360 scientia
1790 2298 2038 2363 sublata
2085 2302 2205 2365 erit
2249 2309 2312 2363 et
2357 2301 2511 2363 exsi-

303 2400 535 2463 stentia
579 2399 711 2465 τῶν
755 2401 820 2465 τί
863 2390 949 2479 ἦν
994 2393 1176 2479 εἶναι,
1221 2402 1321 2479 b3,
1368 2401 1427 2463 4.
1519 2400 1696 2465 Scire
1756 2404 1921 2465 enim
1977 2402 2169 2466 nobis
2225 2401 2513 2467 videmur

205 2512 209 2516 *
301 2503 568 2588 aliquid,
628 2507 680 2568 si
729 2507 865 2569 cius
909 2501 984 2568 τὸ
1030 2526 1143 2584 τηε
1188 2508 1707 2593 cognoverimu33
1764 2507 1887 2571 iam
1932 2510 1986 2570 si
2030 2502 2105 2571 τὸ
2152 2529 2264 2586 τηε
2309 2504 2512 2571 diver-

301 2629 440 2673 sum
488 2618 655 2673 esset
699 2631 733 2673 a
780 2630 851 2672 re
896 2612 1051 2694 ipsa,
1095 2610 1258 2673 scire
1300 2608 1541 2694 aliquid
1584 2609 1751 2673 idem
1799 2618 1967 2673 esset
2012 2630 2087 2672 ac
2130 2612 2292 2674 scire
2337 2608 2512 2674 aliud

302 2713 388 2778 ab
434 2712 547 2778 illo
595 2712 931 2780 diversum.
1022 2710 1181 2776 Inde
1235 2715 1560 2777 scientiam
1608 2717 1869 2778 omnino
1916 2711 2058 2777 tolli
2103 2733 2256 2776 vere
2302 2711 2513 2798 dispu-

303 2826 423 2893 tat3
469 2816 582 2883 sed
630 2817 805 2904 quod
852 2815 1035 2882 simul
1081 2818 1501 2881 exsistentiam
1548 2817 1679 2882 τῶν
1724 2841 1834 2897 τηε
1878 2816 2023 2883 tolli
2057 2815 2399 2894 concludit,
2443 2816 2512 2882 id

302 2924 426 2985 nisi
464 2920 656 2986 fallor
690 2944 809 3009 per
846 2942 1123 2988 errorem
1154 2920 1577 2986 ratiocinandi
1614 2922 1890 3000 conficit,
1924 2923 2229 2986 118—10.
2294 2921 2364 2986 Si
2399 2942 2513 2987 vo-

301 3024 527 3105 lumuS,
573 3029 677 3104 ait,
719 3047 850 3090 rem
894 3025 1268 3090 disiunctam
1305 3047 1446 3091 esse
1485 3049 1523 3091 a
1560 3048 1679 3091 suo
1718 3049 1850 3106 τηε,
1892 3025 1959 3090 id
1990 3029 2224 3112 pariter
2254 3034 2513 3111 oportet

305 3128 388 3193 de
436 3128 730 3194 omnibus
775 3129 969 3194 rebus
1015 3133 1232 3207 statui;
1281 3132 1492 3216 itaque
1538 3133 1725 3194 sicuti
1767 3122 1844 3193 τὸ
1890 3126 2142 3212 ἀγαθῷ
2184 3123 2352 3194 εἶναι
2395 3127 2513 3194 οὐκ

304 3233 480 3297 ἔστιν
537 3228 843 3317 ἀγαθόν,
899 3237 985 3298 ita
1047 3237 1234 3297 etiam
1285 3228 1361 3298 τὸ
1407 3227 1550 3297 ὄντι
1594 3228 1762 3298 εἶναι
1805 3229 1921 3297 οὐκ
1966 3234 2150 3298 ἔσται
2194 3226 2290 3298 ὄν.
2381 3232 2511 3297 Iam

304 3357 464 3400 vero
512 3337 688 3423 quod
734 3338 816 3402 de
860 3339 953 3421 τῷ
998 3330 1136 3402 ὄντι
1184 3332 1349 3402 εἶναι
1395 3336 1628 3402 dictum
1677 3346 1799 3416 est,
1855 3340 2093 3423 pariter
2143 3335 2224 3400 ad
2270 3335 2514 3423 reliqua

303 3441 680 3527 pertinebit3
727 3445 780 3505 si
824 3434 901 3505 τὸ
950 3435 1091 3505 ὄντι
1137 3438 1302 3507 εἶναι
1339 3462 1473 3505 non
1514 3452 1662 3520 est,
1707 3463 1790 3505 ne
1827 3440 2023 3506 ullum
2059 3440 2309 3527 quidem
2349 3463 2384 3505 e
2418 3462 2515 3505 re·

304 3544 493 3632 liquis
530 3569 661 3625 τηε,
706 3545 906 3612 veluti
944 3540 1024 3610 τὸ
1067 3541 1338 3629 ἀγαθῷ,
1362 3542 1545 3624 εἶναι,
1590 3568 1660 3611 re
1706 3568 1857 3610 vera
1904 3568 2080 3610 esse
2127 3545 2514 3611 censendum

307 3653 444 3714 erit,
536 3651 715 3716 Haec
756 3651 893 3718 fere
939 3648 1332 3728 AristoteleS‚
1378 3649 1492 3714 sed
1539 3650 1686 3719 vide
1730 3674 1881 3720 num
1925 3659 2112 3715 recte.
2203 3651 2513 3715 Nimirum

308 3775 641 3820 commune
684 3755 876 3821 rebus
924 3754 1216 3820 omnibus
1264 3774 1605 3840 earumque
1648 3763 1789 3831 τοῖς
1828 3778 1943 3835 τηε
1988 3755 2116 3819 hoc
2161 3764 2284 3831 est,
2342 3752 2515 3839 quod

308 3857 577 3925 alterum
623 3863 974 3925 seiunctum
1020 3861 1285 3944 ponitur
1333 3857 1410 3922 ab
1457 3860 1692 3937 altero,
1750 3854 1825 3923 τὸ
1884 3855 2133 3942 ἀγαθῷ
2189 3851 2355 3923 εἶναι
2400 3854 2517 3922 οὐκ

307 3964 483 4028 ἔστιν
530 3958 836 4048 ἀγαθόν,
894 3955 971 4027 τὸ
1017 3957 1359 4050 ἀνθρώπῳ
1405 3960 1572 4029 εἶναι
1617 3959 1734 4027 οὐκ
1779 3964 1952 4028 ἔστιν
1998 3957 2391 4048 ἄνθρωπος,
2442 3983 2517 4026 ac

305 4065 551 4153 reliqua
599 4067 911 4143 similiter3
969 4069 1298 4153 proprium
1356 4088 1513 4132 vero
1574 4088 1649 4129 ac
1705 4066 2026 4154 singulare
2079 4068 2224 4132 huic
2272 4068 2379 4131 uni
2426 4066 2516 4148 τῷ

308 4163 451 4234 ὄντι
509 4167 674 4236 εἶναι
730 4172 855 4235 hoc
902 4181 1023 4250 est,
1082 4169 1256 4256 quod
1308 4164 1384 4235 τὸ
1432 4165 1540 4249 ὄν,
1595 4175 1634 4234 i.
1676 4192 1730 4235 e,
1780 4172 2255 4236 exsistentia
2304 4169 2384 4235 ab
2435 4190 2514 4234 eo

308 4273 707 4363 disiungitur,
748 4269 827 4340 τὸ
869 4269 1009 4341 ὄντι
1040 4269 1208 4340 εἶναι
1246 4295 1381 4339 non
1422 4285 1559 4340 est.
1631 4276 1761 4341 Iam
1793 4298 1950 4342 vero
1981 4278 2122 4354 hoc,
2165 4273 2340 4361 quod
2371 4295 2518 4360 pro-

307 4381 513 4465 prium
575 4390 671 4446 est
728 4383 835 4445 uni
882 4402 957 4445 ex
1003 4379 1298 4447 omnibus
1342 4381 1410 4446 τί,
1451 4368 1539 4460 ἦν
1584 4377 1777 4460 εἶναι,
1832 4382 1902 4446 id
1948 4379 2029 4444 ad
2075 4384 2283 4445 omnia
2330 4378 2518 4444 trahit
