<?xml version="1.0" encoding="UTF-8"?>
<!DOCTYPE html PUBLIC "-//W3C//DTD XHTML 1.0 Transitional//EN"
    "http://www.w3.org/TR/xhtml1/DTD/xhtml1-transitional.dtd">
<html xmlns="http://www.w3.org/1999/xhtml" xml:lang="en" lang="en">
 <head>
  <title>
</title>
<meta http-equiv="Content-Type" content="text/html;charset=utf-8" />
  <meta name='ocr-system' content='tesseract 3.04.00' />
  <meta name='ocr-capabilities' content='ocr_page ocr_carea ocr_par ocr_line ocrx_word'/>
</head>
<body>
  <div class='ocr_page' id='page_1' title='image "aristotelismeta02bonigoog_0016.png"; bbox 0 0 3043 4973; ppageno 0'>
   <div class='ocr_carea' id='block_1_1' title="bbox 532 237 574 308">
    <p class='ocr_par' dir='ltr' id='par_1_1' title="bbox 532 237 574 308">
     <span class='ocr_line' id='line_1_1' title="bbox 532 237 574 308; baseline 0 0"><span class='ocrx_word' id='word_1_1' title='bbox 532 237 574 308; x_wconf 84' lang='lat'><strong>4</strong></span> 
     </span>
    </p>
   </div>
   <div class='ocr_carea' id='block_1_2' title="bbox 486 406 2758 3803">
    <p class='ocr_par' dir='ltr' id='par_1_2' title="bbox 486 406 2758 3803">
     <span class='ocr_line' id='line_1_2' title="bbox 534 406 2751 499; baseline -0.002 -23"><span class='ocrx_word' id='word_1_2' title='bbox 534 434 657 498; x_wconf 90' lang='lat' dir='ltr'><strong>que</strong></span> <span class='ocrx_word' id='word_1_3' title='bbox 699 412 816 490; x_wconf 86' lang='grc' dir='ltr'><strong>τῆς</strong></span> <span class='ocrx_word' id='word_1_4' title='bbox 860 406 1117 496; x_wconf 81' lang='grc' dir='ltr'><strong><em>πρώτης</em></strong></span> <span class='ocrx_word' id='word_1_5' title='bbox 1150 411 1557 499; x_wconf 80' lang='grc' dir='ltr'><strong><em>φιλοσοφίας</em></strong></span> <span class='ocrx_word' id='word_1_6' title='bbox 1590 413 1847 476; x_wconf 89' lang='lat' dir='ltr'><strong>nomine</strong></span> <span class='ocrx_word' id='word_1_7' title='bbox 1878 409 2214 499; x_wconf 85' lang='lat' dir='ltr'><strong>significat.</strong></span> <span class='ocrx_word' id='word_1_8' title='bbox 2280 408 2358 472; x_wconf 82' lang='lat' dir='ltr'><strong>cf.</strong></span> <span class='ocrx_word' id='word_1_9' title='bbox 2390 408 2583 494; x_wconf 79' lang='lat' dir='ltr'><strong>Phys,</strong></span> <span class='ocrx_word' id='word_1_10' title='bbox 2616 409 2646 472; x_wconf 94' lang='lat'>1</span> <span class='ocrx_word' id='word_1_11' title='bbox 2678 411 2751 474; x_wconf 83' lang='lat'><strong>9.</strong></span> 
     </span>
     <span class='ocr_line' id='line_1_3' title="bbox 540 506 2752 598; baseline -0.003 -18"><span class='ocrx_word' id='word_1_12' title='bbox 540 518 701 580; x_wconf 70' lang='lat'><strong>1920:</strong></span> <span class='ocrx_word' id='word_1_13' title='bbox 745 515 860 578; x_wconf 79' lang='lat'><strong>34:</strong></span> <span class='ocrx_word' id='word_1_14' title='bbox 917 515 1064 596; x_wconf 89' lang='grc' dir='ltr'><strong><em>περὶ</em></strong></span> <span class='ocrx_word' id='word_1_15' title='bbox 1110 514 1178 578; x_wconf 81' lang='grc' dir='ltr'><strong>δὲ</strong></span> <span class='ocrx_word' id='word_1_16' title='bbox 1224 516 1342 592; x_wconf 83' lang='grc' dir='ltr'><strong>τῆς</strong></span> <span class='ocrx_word' id='word_1_17' title='bbox 1384 507 1554 577; x_wconf 77' lang='grc' dir='ltr'><strong><em>κατά</em></strong></span> <span class='ocrx_word' id='word_1_18' title='bbox 1602 507 1679 578; x_wconf 82' lang='grc' dir='ltr'><strong>τὸ</strong></span> <span class='ocrx_word' id='word_1_19' title='bbox 1727 512 1895 590; x_wconf 84' lang='grc' dir='ltr'><strong><em>εἶδος</em></strong></span> <span class='ocrx_word' id='word_1_20' title='bbox 1940 511 2161 598; x_wconf 82' lang='grc' dir='ltr'><em>ἀρχῆς,</em></span> <span class='ocrx_word' id='word_1_21' title='bbox 2205 506 2487 592; x_wconf 90' lang='grc' dir='ltr'><strong><em>πότερον</em></strong></span> <span class='ocrx_word' id='word_1_22' title='bbox 2529 513 2651 596; x_wconf 85' lang='grc' dir='ltr'><strong>μία</strong></span> <span class='ocrx_word' id='word_1_23' title='bbox 2701 510 2752 590; x_wconf 83' lang='grc' dir='ltr'><em>ἢ</em></span> 
     </span>
     <span class='ocr_line' id='line_1_4' title="bbox 534 608 2751 703; baseline -0.001 -21"><span class='ocrx_word' id='word_1_24' title='bbox 534 619 775 682; x_wconf 87' lang='grc' dir='ltr'><strong><em>πολλαὶ</em></strong></span> <span class='ocrx_word' id='word_1_25' title='bbox 818 618 929 681; x_wconf 89' lang='grc' dir='ltr'><strong>καὶ</strong></span> <span class='ocrx_word' id='word_1_26' title='bbox 974 617 1073 692; x_wconf 91' lang='grc' dir='ltr'><strong>τίς</strong></span> <span class='ocrx_word' id='word_1_27' title='bbox 1117 608 1159 695; x_wconf 80' lang='grc' dir='ltr'><strong><em>ἢ</em></strong></span> <span class='ocrx_word' id='word_1_28' title='bbox 1205 618 1375 691; x_wconf 83' lang='grc' dir='ltr'><strong><em>τίνες</em></strong></span> <span class='ocrx_word' id='word_1_29' title='bbox 1420 617 1560 694; x_wconf 75' lang='grc' dir='ltr'><strong><em>εἰσί,</em></strong></span> <span class='ocrx_word' id='word_1_30' title='bbox 1606 613 1689 680; x_wconf 75' lang='grc' dir='ltr'><strong><em>δι’</em></strong></span> <span class='ocrx_word' id='word_1_31' title='bbox 1729 613 2065 700; x_wconf 81' lang='grc' dir='ltr'><em>ἀκριβείας</em></span> <span class='ocrx_word' id='word_1_32' title='bbox 2108 616 2224 694; x_wconf 83' lang='grc' dir='ltr'><strong>τῆς</strong></span> <span class='ocrx_word' id='word_1_33' title='bbox 2260 610 2518 700; x_wconf 80' lang='grc' dir='ltr'><em>πρώτης</em></span> <span class='ocrx_word' id='word_1_34' title='bbox 2549 616 2751 703; x_wconf 88' lang='grc' dir='ltr'><strong><em>φιλο-</em></strong></span> 
     </span>
     <span class='ocr_line' id='line_1_5' title="bbox 537 711 2752 810; baseline -0.003 -24"><span class='ocrx_word' id='word_1_35' title='bbox 537 724 783 810; x_wconf 84' lang='grc' dir='ltr'><em>σοφίας</em></span> <span class='ocrx_word' id='word_1_36' title='bbox 826 721 1017 805; x_wconf 74' lang='grc' dir='ltr'><strong><em>ἕργον</em></strong></span> <span class='ocrx_word' id='word_1_37' title='bbox 1056 720 1193 783; x_wconf 76' lang='grc' dir='ltr'><strong><em>ἐστὶ</em></strong></span> <span class='ocrx_word' id='word_1_38' title='bbox 1224 719 1530 803; x_wconf 80' lang='grc' dir='ltr'><strong><em>διορίσαι,</em></strong></span> <span class='ocrx_word' id='word_1_39' title='bbox 1574 714 1739 783; x_wconf 80' lang='grc' dir='ltr'><strong><em>ὥστε</em></strong></span> <span class='ocrx_word' id='word_1_40' title='bbox 1771 724 1858 795; x_wconf 81' lang='grc' dir='ltr'><strong><em>εὶς</em></strong></span> <span class='ocrx_word' id='word_1_41' title='bbox 1889 724 2134 784; x_wconf 77' lang='grc' dir='ltr'><strong><em>ἐκεῖνον</em></strong></span> <span class='ocrx_word' id='word_1_42' title='bbox 2164 711 2282 782; x_wconf 84' lang='grc' dir='ltr'><strong>τὸν</strong></span> <span class='ocrx_word' id='word_1_43' title='bbox 2311 711 2543 802; x_wconf 84' lang='grc' dir='ltr'><strong><em>καιρὸν</em></strong></span> <span class='ocrx_word' id='word_1_44' title='bbox 2573 714 2752 781; x_wconf 84' lang='grc' dir='ltr'><em>ἀπο-</em></span> 
     </span>
     <span class='ocr_line' id='line_1_6' title="bbox 537 814 2752 907; baseline -0.002 -18"><span class='ocrx_word' id='word_1_45' title='bbox 537 825 807 889; x_wconf 70' lang='grc' dir='ltr'><strong><em>κείσθω.</em></strong></span> <span class='ocrx_word' id='word_1_46' title='bbox 878 823 938 886; x_wconf 91' lang='lat' dir='ltr'><strong>II</strong></span> <span class='ocrx_word' id='word_1_47' title='bbox 972 824 1033 887; x_wconf 81' lang='grc'><strong>2.</strong></span> <span class='ocrx_word' id='word_1_48' title='bbox 1071 824 1229 887; x_wconf 73' lang='grc'>1941)</span> <span class='ocrx_word' id='word_1_49' title='bbox 1263 823 1372 886; x_wconf 75' lang='grc' dir='ltr'><strong>14ε</strong></span> <span class='ocrx_word' id='word_1_50' title='bbox 1417 823 1555 898; x_wconf 78' lang='grc' dir='ltr'><strong>πῶς</strong></span> <span class='ocrx_word' id='word_1_51' title='bbox 1600 818 1656 886; x_wconf 79' lang='grc' dir='ltr'><strong>δ’</strong></span> <span class='ocrx_word' id='word_1_52' title='bbox 1697 823 1822 906; x_wconf 72' lang='grc' dir='ltr'><strong><em>ἔχει</em></strong></span> <span class='ocrx_word' id='word_1_53' title='bbox 1865 815 1941 886; x_wconf 81' lang='grc' dir='ltr'><strong>τὸ</strong></span> <span class='ocrx_word' id='word_1_54' title='bbox 1979 814 2307 907; x_wconf 82' lang='grc' dir='ltr'><strong><em>χωριστὸν</em></strong></span> <span class='ocrx_word' id='word_1_55' title='bbox 2341 822 2453 884; x_wconf 89' lang='grc' dir='ltr'><strong>καὶ</strong></span> <span class='ocrx_word' id='word_1_56' title='bbox 2485 822 2549 883; x_wconf 84' lang='grc' dir='ltr'><strong>τί</strong></span> <span class='ocrx_word' id='word_1_57' title='bbox 2590 825 2752 898; x_wconf 68' lang='grc' dir='ltr'><strong><em>ἐστι,</em></strong></span> 
     </span>
     <span class='ocr_line' id='line_1_7' title="bbox 538 920 2750 1016; baseline -0.002 -26"><span class='ocrx_word' id='word_1_58' title='bbox 538 926 947 1016; x_wconf 80' lang='grc' dir='ltr'><strong><em>φιλοσοφίας</em></strong></span> <span class='ocrx_word' id='word_1_59' title='bbox 976 927 1093 1004; x_wconf 85' lang='grc' dir='ltr'><strong>τῆς</strong></span> <span class='ocrx_word' id='word_1_60' title='bbox 1121 920 1380 1010; x_wconf 81' lang='grc' dir='ltr'><em>πρώτης</em></span> <span class='ocrx_word' id='word_1_61' title='bbox 1411 927 1698 1013; x_wconf 84' lang='grc' dir='ltr'><strong><em>διορίσαι</em></strong></span> <span class='ocrx_word' id='word_1_62' title='bbox 1728 928 1937 1009; x_wconf 73' lang='grc' dir='ltr'><strong><em>ἔργον.</em></strong></span> <span class='ocrx_word' id='word_1_63' title='bbox 2001 924 2082 988; x_wconf 86' lang='lat' dir='ltr'><strong>de</strong></span> <span class='ocrx_word' id='word_1_64' title='bbox 2107 923 2318 990; x_wconf 91' lang='lat' dir='ltr'><strong>Coelo</strong></span> <span class='ocrx_word' id='word_1_65' title='bbox 2343 925 2454 988; x_wconf 84' lang='lat'><strong>18.</strong></span> <span class='ocrx_word' id='word_1_66' title='bbox 2487 925 2647 988; x_wconf 71' lang='lat'><strong>277⁶</strong></span> <span class='ocrx_word' id='word_1_67' title='bbox 2672 927 2750 986; x_wconf 80' lang='lat'><strong>9:</strong></span> 
     </span>
     <span class='ocr_line' id='line_1_8' title="bbox 538 1021 2754 1123; baseline -0.003 -29"><span class='ocrx_word' id='word_1_68' title='bbox 538 1031 631 1094; x_wconf 75' lang='grc' dir='ltr'><strong>ἔτι</strong></span> <span class='ocrx_word' id='word_1_69' title='bbox 675 1030 744 1094; x_wconf 79' lang='grc' dir='ltr'><strong>δὲ</strong></span> <span class='ocrx_word' id='word_1_70' title='bbox 789 1031 900 1094; x_wconf 89' lang='grc' dir='ltr'><strong>καὶ</strong></span> <span class='ocrx_word' id='word_1_71' title='bbox 946 1026 1055 1093; x_wconf 75' lang='grc' dir='ltr'><strong><em>διὰ</em></strong></span> <span class='ocrx_word' id='word_1_72' title='bbox 1102 1029 1230 1093; x_wconf 80' lang='grc' dir='ltr'><strong>τῶν</strong></span> <span class='ocrx_word' id='word_1_73' title='bbox 1277 1032 1346 1123; x_wconf 75' lang='grc' dir='ltr'><strong>ὲκ</strong></span> <span class='ocrx_word' id='word_1_74' title='bbox 1389 1030 1508 1107; x_wconf 83' lang='grc' dir='ltr'><strong>τῆς</strong></span> <span class='ocrx_word' id='word_1_75' title='bbox 1552 1024 1811 1115; x_wconf 78' lang='grc' dir='ltr'><em>πρώτης</em></span> <span class='ocrx_word' id='word_1_76' title='bbox 1856 1030 2262 1116; x_wconf 84' lang='grc' dir='ltr'><strong><em>φιλοσοφίας</em></strong></span> <span class='ocrx_word' id='word_1_77' title='bbox 2316 1021 2530 1109; x_wconf 85' lang='grc' dir='ltr'><strong><em>λόγων</em></strong></span> <span class='ocrx_word' id='word_1_78' title='bbox 2575 1027 2754 1110; x_wconf 85' lang='grc' dir='ltr'><strong><em>δειχ-</em></strong></span> 
     </span>
     <span class='ocr_line' id='line_1_9' title="bbox 537 1126 2751 1214; baseline -0.002 -18"><span class='ocrx_word' id='word_1_79' title='bbox 537 1133 700 1211; x_wconf 78' lang='grc' dir='ltr'><strong><em>θείη</em></strong></span> <span class='ocrx_word' id='word_1_80' title='bbox 747 1126 832 1196; x_wconf 79' lang='grc' dir='ltr'><strong>ἄν</strong></span> <span class='ocrx_word' id='word_1_81' title='bbox 877 1136 1025 1210; x_wconf 90' lang='lat' dir='ltr'><strong>(int.</strong></span> <span class='ocrx_word' id='word_1_82' title='bbox 1075 1128 1178 1196; x_wconf 88' lang='grc' dir='ltr'><strong>ὅτι</strong></span> <span class='ocrx_word' id='word_1_83' title='bbox 1223 1127 1311 1206; x_wconf 85' lang='grc' dir='ltr'><strong><em>εἷς</em></strong></span> <span class='ocrx_word' id='word_1_84' title='bbox 1359 1127 1394 1193; x_wconf 84' lang='grc' dir='ltr'>ὁ</span> <span class='ocrx_word' id='word_1_85' title='bbox 1441 1126 1690 1214; x_wconf 90' lang='grc' dir='ltr'><strong><em>κόσμος</em></strong></span> <span class='ocrx_word' id='word_1_86' title='bbox 1734 1134 1910 1196; x_wconf 76' lang='grc' dir='ltr'><strong><em>ἐστίν</em></strong></span> <span class='ocrx_word' id='word_1_87' title='bbox 1957 1129 2173 1195; x_wconf 89' lang='lat' dir='ltr'><strong>Schol.</strong></span> <span class='ocrx_word' id='word_1_88' title='bbox 2207 1131 2373 1194; x_wconf 68' lang='lat'><strong>4860:</strong></span> <span class='ocrx_word' id='word_1_89' title='bbox 2403 1131 2751 1211; x_wconf 76' lang='lat'><strong>28—35).</strong></span> 
     </span>
     <span class='ocr_line' id='line_1_10' title="bbox 540 1229 2755 1322; baseline -0.002 -24"><span class='ocrx_word' id='word_1_90' title='bbox 540 1234 621 1298; x_wconf 87' lang='lat' dir='ltr'><strong>de</strong></span> <span class='ocrx_word' id='word_1_91' title='bbox 653 1256 798 1322; x_wconf 87' lang='lat' dir='ltr'><strong>gen.</strong></span> <span class='ocrx_word' id='word_1_92' title='bbox 835 1244 898 1298; x_wconf 91' lang='lat' dir='ltr'><strong>et</strong></span> <span class='ocrx_word' id='word_1_93' title='bbox 928 1243 1207 1319; x_wconf 79' lang='lat' dir='ltr'><strong>corrupt.</strong></span> <span class='ocrx_word' id='word_1_94' title='bbox 1239 1234 1267 1296; x_wconf 93' lang='lat' dir='ltr'><strong>l</strong></span> <span class='ocrx_word' id='word_1_95' title='bbox 1297 1235 1358 1298; x_wconf 83' lang='lat'><strong>3.</strong></span> <span class='ocrx_word' id='word_1_96' title='bbox 1391 1234 1560 1298; x_wconf 71' lang='lat'>3180:</span> <span class='ocrx_word' id='word_1_97' title='bbox 1592 1236 1662 1298; x_wconf 80' lang='lat'><strong>5:</strong></span> <span class='ocrx_word' id='word_1_98' title='bbox 1718 1230 1968 1298; x_wconf 86' lang='grc' dir='ltr'><strong><em>τούτων</em></strong></span> <span class='ocrx_word' id='word_1_99' title='bbox 2013 1235 2081 1297; x_wconf 79' lang='grc' dir='ltr'><strong>δὲ</strong></span> <span class='ocrx_word' id='word_1_100' title='bbox 2119 1234 2266 1317; x_wconf 90' lang='grc' dir='ltr'><strong><em>περὶ</em></strong></span> <span class='ocrx_word' id='word_1_101' title='bbox 2300 1235 2420 1316; x_wconf 80' lang='grc' dir='ltr'><strong>μὲν</strong></span> <span class='ocrx_word' id='word_1_102' title='bbox 2451 1233 2567 1310; x_wconf 88' lang='grc' dir='ltr'><strong>τῆς</strong></span> <span class='ocrx_word' id='word_1_103' title='bbox 2602 1229 2755 1295; x_wconf 79' lang='grc' dir='ltr'><strong><em>ἀκι-</em></strong></span> 
     </span>
     <span class='ocr_line' id='line_1_11' title="bbox 534 1332 2755 1424; baseline -0.004 -18"><span class='ocrx_word' id='word_1_104' title='bbox 534 1332 742 1421; x_wconf 66' lang='grc' dir='ltr'><strong><em>νήτου</em></strong></span> <span class='ocrx_word' id='word_1_105' title='bbox 797 1335 1004 1424; x_wconf 69' lang='grc' dir='ltr'><strong><em>ᾀρχῆς</em></strong></span> <span class='ocrx_word' id='word_1_106' title='bbox 1057 1338 1175 1419; x_wconf 67' lang='grc' dir='ltr'><strong>τῆς</strong></span> <span class='ocrx_word' id='word_1_107' title='bbox 1219 1340 1447 1423; x_wconf 74' lang='grc' dir='ltr'><em>ἑτέρας</em></span> <span class='ocrx_word' id='word_1_108' title='bbox 1485 1338 1599 1403; x_wconf 85' lang='grc' dir='ltr'><strong>καὶ</strong></span> <span class='ocrx_word' id='word_1_109' title='bbox 1642 1340 1966 1424; x_wconf 76' lang='grc' dir='ltr'><strong>προτέρας</strong></span> <span class='ocrx_word' id='word_1_110' title='bbox 2010 1336 2241 1403; x_wconf 75' lang='grc' dir='ltr'><strong><em>διελεῖν</em></strong></span> <span class='ocrx_word' id='word_1_111' title='bbox 2288 1338 2424 1401; x_wconf 76' lang='grc' dir='ltr'><strong><em>ἐστὶ</em></strong></span> <span class='ocrx_word' id='word_1_112' title='bbox 2469 1335 2755 1423; x_wconf 78' lang='grc' dir='ltr'><strong><em>φιλοσο-</em></strong></span> 
     </span>
     <span class='ocr_line' id='line_1_12' title="bbox 538 1437 2757 1530; baseline -0.001 -24"><span class='ocrx_word' id='word_1_113' title='bbox 538 1444 703 1530; x_wconf 79' lang='grc' dir='ltr'><strong><em>φίας</em></strong></span> <span class='ocrx_word' id='word_1_114' title='bbox 740 1443 939 1525; x_wconf 65' lang='grc' dir='ltr'><strong>1ἔργον</strong></span> <span class='ocrx_word' id='word_1_115' title='bbox 967 1443 1039 1522; x_wconf 72' lang='lat'><strong>¹).</strong></span> <span class='ocrx_word' id='word_1_116' title='bbox 1106 1439 1355 1509; x_wconf 84' lang='lat' dir='ltr'><strong>Eodem</strong></span> <span class='ocrx_word' id='word_1_117' title='bbox 1396 1442 1641 1526; x_wconf 86' lang='lat' dir='ltr'><strong>primae</strong></span> <span class='ocrx_word' id='word_1_118' title='bbox 1685 1439 2129 1527; x_wconf 82' lang='lat' dir='ltr'>philosophiae</span> <span class='ocrx_word' id='word_1_119' title='bbox 2164 1441 2422 1511; x_wconf 86' lang='lat' dir='ltr'><strong>nomine</strong></span> <span class='ocrx_word' id='word_1_120' title='bbox 2454 1460 2591 1505; x_wconf 85' lang='lat' dir='ltr'><strong>eam</strong></span> <span class='ocrx_word' id='word_1_121' title='bbox 2621 1437 2757 1505; x_wconf 88' lang='lat' dir='ltr'><strong>dis-</strong></span> 
     </span>
     <span class='ocr_line' id='line_1_13' title="bbox 539 1540 2757 1632; baseline -0.005 -19"><span class='ocrx_word' id='word_1_122' title='bbox 539 1544 852 1630; x_wconf 68' lang='lat' dir='ltr'><strong>ciplinam,</strong></span> <span class='ocrx_word' id='word_1_123' title='bbox 899 1544 980 1609; x_wconf 87' lang='lat' dir='ltr'><strong>de</strong></span> <span class='ocrx_word' id='word_1_124' title='bbox 1026 1566 1146 1630; x_wconf 86' lang='lat' dir='ltr'><strong>qua</strong></span> <span class='ocrx_word' id='word_1_125' title='bbox 1193 1542 1550 1629; x_wconf 86' lang='lat' dir='ltr'><strong>disputatur</strong></span> <span class='ocrx_word' id='word_1_126' title='bbox 1593 1548 1660 1608; x_wconf 91' lang='lat' dir='ltr'><strong>in</strong></span> <span class='ocrx_word' id='word_1_127' title='bbox 1705 1545 2180 1632; x_wconf 76' lang='lat' dir='ltr'><strong>Metaphysici5‚</strong></span> <span class='ocrx_word' id='word_1_128' title='bbox 2226 1542 2321 1609; x_wconf 81' lang='lat' dir='ltr'><strong>his</strong></span> <span class='ocrx_word' id='word_1_129' title='bbox 2363 1544 2516 1629; x_wconf 81' lang='lat' dir='ltr'><strong>ipsis</strong></span> <span class='ocrx_word' id='word_1_130' title='bbox 2559 1545 2628 1606; x_wconf 91' lang='lat' dir='ltr'><strong>in</strong></span> <span class='ocrx_word' id='word_1_131' title='bbox 2677 1540 2757 1604; x_wconf 90' lang='lat' dir='ltr'><strong>li-</strong></span> 
     </span>
     <span class='ocr_line' id='line_1_14' title="bbox 536 1646 2757 1735; baseline -0.003 -20"><span class='ocrx_word' id='word_1_132' title='bbox 536 1647 669 1715; x_wconf 73' lang='lat' dir='ltr'><strong>bris</strong></span> <span class='ocrx_word' id='word_1_133' title='bbox 708 1647 1126 1735; x_wconf 79' lang='lat' dir='ltr'><strong>significatam</strong></span> <span class='ocrx_word' id='word_1_134' title='bbox 1162 1646 1447 1721; x_wconf 84' lang='lat' dir='ltr'><strong>videmus</strong></span> <span class='ocrx_word' id='word_1_135' title='bbox 1480 1646 1547 1715; x_wconf 84' lang='lat' dir='ltr'><em>E</em></span> <span class='ocrx_word' id='word_1_136' title='bbox 1572 1650 1628 1713; x_wconf 92' lang='lat'><strong>1.</strong></span> <span class='ocrx_word' id='word_1_137' title='bbox 1666 1650 1873 1717; x_wconf 79' lang='lat' dir='ltr'><strong>1026a</strong></span> <span class='ocrx_word' id='word_1_138' title='bbox 1908 1649 2141 1725; x_wconf 60' lang='lat'><strong>16‚‚24,</strong></span> <span class='ocrx_word' id='word_1_139' title='bbox 2171 1647 2276 1711; x_wconf 84' lang='lat'><strong>30.</strong></span> <span class='ocrx_word' id='word_1_140' title='bbox 2345 1647 2524 1711; x_wconf 90' lang='lat' dir='ltr'><strong>Haec</strong></span> <span class='ocrx_word' id='word_1_141' title='bbox 2547 1647 2757 1729; x_wconf 89' lang='lat' dir='ltr'><strong>ipsius</strong></span> 
     </span>
     <span class='ocr_line' id='line_1_15' title="bbox 539 1747 2756 1837; baseline -0.001 -18"><span class='ocrx_word' id='word_1_142' title='bbox 539 1748 904 1819; x_wconf 84' lang='lat' dir='ltr'><strong>Aristotelis</strong></span> <span class='ocrx_word' id='word_1_143' title='bbox 963 1750 1325 1823; x_wconf 81' lang='lat' dir='ltr'><strong>testimonia</strong></span> <span class='ocrx_word' id='word_1_144' title='bbox 1383 1773 1517 1817; x_wconf 88' lang='lat' dir='ltr'><strong>non</strong></span> <span class='ocrx_word' id='word_1_145' title='bbox 1575 1751 1869 1827; x_wconf 83' lang='lat' dir='ltr'><strong>videntur</strong></span> <span class='ocrx_word' id='word_1_146' title='bbox 1914 1773 1993 1817; x_wconf 92' lang='lat' dir='ltr'><strong>eo</strong></span> <span class='ocrx_word' id='word_1_147' title='bbox 2041 1754 2243 1817; x_wconf 80' lang='lat' dir='ltr'><strong>everti</strong></span> <span class='ocrx_word' id='word_1_148' title='bbox 2277 1772 2507 1836; x_wconf 75' lang='lat' dir='ltr'><strong>posse,</strong></span> <span class='ocrx_word' id='word_1_149' title='bbox 2570 1747 2756 1837; x_wconf 84' lang='lat' dir='ltr'><strong>quod</strong></span> 
     </span>
     <span class='ocr_line' id='line_1_16' title="bbox 540 1851 2758 1940; baseline 0 -21"><span class='ocrx_word' id='word_1_150' title='bbox 540 1854 879 1940; x_wconf 71' lang='lat' dir='ltr'><strong>aliquoties</strong></span> <span class='ocrx_word' id='word_1_151' title='bbox 938 1864 1465 1929; x_wconf 68' lang='lat' dir='ltr'><strong>commentatores</strong></span> <span class='ocrx_word' id='word_1_152' title='bbox 1513 1854 1775 1933; x_wconf 79' lang='lat' dir='ltr'><strong>Graeci,</strong></span> <span class='ocrx_word' id='word_1_153' title='bbox 1825 1866 1899 1939; x_wconf 70' lang='lat' dir='ltr'><strong>⁸,et</strong></span> <span class='ocrx_word' id='word_1_154' title='bbox 1953 1858 2020 1919; x_wconf 88' lang='lat' dir='ltr'><strong>in</strong></span> <span class='ocrx_word' id='word_1_155' title='bbox 2064 1859 2139 1927; x_wconf 83' lang='lat' dir='ltr'><strong>iis</strong></span> <span class='ocrx_word' id='word_1_156' title='bbox 2186 1854 2438 1940; x_wconf 84' lang='lat' dir='ltr'><strong>quidem</strong></span> <span class='ocrx_word' id='word_1_157' title='bbox 2482 1851 2758 1925; x_wconf 70' lang='lat' dir='ltr'><strong>clarissi-</strong></span> 
     </span>
     <span class='ocr_line' id='line_1_17' title="bbox 539 1956 2754 2045; baseline -0.003 -17"><span class='ocrx_word' id='word_1_158' title='bbox 539 1981 676 2031; x_wconf 77' lang='lat' dir='ltr'><strong>mus</strong></span> <span class='ocrx_word' id='word_1_159' title='bbox 713 1956 1297 2043; x_wconf 81' lang='lat' dir='ltr'><strong>Metaphysicorum</strong></span> <span class='ocrx_word' id='word_1_160' title='bbox 1345 1960 1659 2042; x_wconf 79' lang='lat' dir='ltr'><strong>interpres</strong></span> <span class='ocrx_word' id='word_1_161' title='bbox 1687 1957 2048 2025; x_wconf 83' lang='lat' dir='ltr'><strong>Alexander</strong></span> <span class='ocrx_word' id='word_1_162' title='bbox 2076 1957 2611 2045; x_wconf 72' lang='lat' dir='ltr'><strong>Aphrodisiensis,</strong></span> <span class='ocrx_word' id='word_1_163' title='bbox 2653 1959 2754 2033; x_wconf 65' lang='lat' dir='ltr'><strong>in,-</strong></span> 
     </span>
     <span class='ocr_line' id='line_1_18' title="bbox 541 2053 2751 2148; baseline -0.003 -20"><span class='ocrx_word' id='word_1_164' title='bbox 541 2063 950 2147; x_wconf 84' lang='lat' dir='ltr'><strong>scriptionem</strong></span> <span class='ocrx_word' id='word_1_165' title='bbox 1008 2054 1092 2124; x_wconf 78' lang='grc' dir='ltr'><strong>τοὶ</strong></span> <span class='ocrx_word' id='word_1_166' title='bbox 1137 2053 1303 2143; x_wconf 74' lang='grc' dir='ltr'><strong><em>μετὰ</em></strong></span> <span class='ocrx_word' id='word_1_167' title='bbox 1347 2053 1430 2125; x_wconf 75' lang='grc' dir='ltr'><strong>τοὶ</strong></span> <span class='ocrx_word' id='word_1_168' title='bbox 1476 2057 1724 2147; x_wconf 81' lang='grc' dir='ltr'><strong><em>φυσικά</em></strong></span> <span class='ocrx_word' id='word_1_169' title='bbox 1769 2065 1890 2148; x_wconf 90' lang='lat' dir='ltr'><strong>ipsi</strong></span> <span class='ocrx_word' id='word_1_170' title='bbox 1935 2060 2266 2129; x_wconf 84' lang='lat' dir='ltr'><strong>Aristoteli</strong></span> <span class='ocrx_word' id='word_1_171' title='bbox 2309 2060 2620 2138; x_wconf 86' lang='lat' dir='ltr'><strong>tribuunt,</strong></span> <span class='ocrx_word' id='word_1_172' title='bbox 2669 2059 2751 2125; x_wconf 80' lang='lat' dir='ltr'><strong>cf.</strong></span> 
     </span>
     <span class='ocr_line' id='line_1_19' title="bbox 540 2159 2752 2249; baseline -0.002 -18"><span class='ocrx_word' id='word_1_173' title='bbox 540 2164 720 2231; x_wconf 81' lang='lat' dir='ltr'><strong>Alex.</strong></span> <span class='ocrx_word' id='word_1_174' title='bbox 752 2163 832 2227; x_wconf 89' lang='lat' dir='ltr'><strong>ad</strong></span> <span class='ocrx_word' id='word_1_175' title='bbox 863 2162 928 2226; x_wconf 92' lang='lat' dir='ltr'><em>B</em></span> <span class='ocrx_word' id='word_1_176' title='bbox 958 2166 1093 2227; x_wconf 87' lang='lat' dir='ltr'><strong>init.</strong></span> <span class='ocrx_word' id='word_1_177' title='bbox 1125 2186 1185 2248; x_wconf 89' lang='lat' dir='ltr'><strong>p.</strong></span> <span class='ocrx_word' id='word_1_178' title='bbox 1221 2164 1365 2240; x_wconf 85' lang='lat'><strong>127,</strong></span> <span class='ocrx_word' id='word_1_179' title='bbox 1395 2165 1506 2226; x_wconf 81' lang='lat'><strong>21:</strong></span> <span class='ocrx_word' id='word_1_180' title='bbox 1553 2161 1594 2243; x_wconf 80' lang='grc' dir='ltr'><em>ἡ</em></span> <span class='ocrx_word' id='word_1_181' title='bbox 1628 2167 1749 2246; x_wconf 75' lang='grc' dir='ltr'><strong>μὲν</strong></span> <span class='ocrx_word' id='word_1_182' title='bbox 1781 2164 2243 2249; x_wconf 79' lang='grc' dir='ltr'><strong><em>ὲπιζητουμένη</em></strong></span> <span class='ocrx_word' id='word_1_183' title='bbox 2283 2159 2603 2245; x_wconf 78' lang='grc' dir='ltr'><strong>ἐπιστήμη</strong></span> <span class='ocrx_word' id='word_1_184' title='bbox 2634 2164 2752 2226; x_wconf 81' lang='grc' dir='ltr'><strong>καὶ</strong></span> 
     </span>
     <span class='ocr_line' id='line_1_20' title="bbox 539 2259 2751 2356; baseline -0.003 -21"><span class='ocrx_word' id='word_1_185' title='bbox 539 2270 929 2356; x_wconf 78' lang='grc' dir='ltr'><strong>προκειμένη</strong></span> <span class='ocrx_word' id='word_1_186' title='bbox 973 2267 1093 2329; x_wconf 86' lang='grc' dir='ltr'><strong>νῦν</strong></span> <span class='ocrx_word' id='word_1_187' title='bbox 1139 2261 1304 2343; x_wconf 83' lang='grc' dir='ltr'><em>αὐτή</em></span> <span class='ocrx_word' id='word_1_188' title='bbox 1352 2270 1528 2331; x_wconf 76' lang='grc' dir='ltr'><strong><em>ἐστιν</em></strong></span> <span class='ocrx_word' id='word_1_189' title='bbox 1574 2264 1614 2346; x_wconf 81' lang='grc' dir='ltr'><em>ἡ</em></span> <span class='ocrx_word' id='word_1_190' title='bbox 1662 2269 1872 2356; x_wconf 85' lang='grc' dir='ltr'><strong><em>σοφία</em></strong></span> <span class='ocrx_word' id='word_1_191' title='bbox 1917 2292 1988 2332; x_wconf 82' lang='grc' dir='ltr'><strong><em>τε</em></strong></span> <span class='ocrx_word' id='word_1_192' title='bbox 2026 2271 2136 2333; x_wconf 88' lang='grc' dir='ltr'><strong>καὶ</strong></span> <span class='ocrx_word' id='word_1_193' title='bbox 2169 2265 2209 2348; x_wconf 77' lang='grc' dir='ltr'><em>ἡ</em></span> <span class='ocrx_word' id='word_1_194' title='bbox 2241 2262 2618 2353; x_wconf 73' lang='grc' dir='ltr'><strong><em>θεολογική,</em></strong></span> <span class='ocrx_word' id='word_1_195' title='bbox 2662 2259 2751 2345; x_wconf 77' lang='grc' dir='ltr'><strong>ἢν</strong></span> 
     </span>
     <span class='ocr_line' id='line_1_21' title="bbox 539 2360 2749 2461; baseline -0.001 -25"><span class='ocrx_word' id='word_1_196' title='bbox 539 2373 653 2436; x_wconf 84' lang='grc' dir='ltr'><strong>καὶ</strong></span> <span class='ocrx_word' id='word_1_197' title='bbox 698 2363 894 2437; x_wconf 79' lang='grc' dir='ltr'><strong><em>Μετὰ</em></strong></span> <span class='ocrx_word' id='word_1_198' title='bbox 950 2360 1034 2435; x_wconf 71' lang='grc' dir='ltr'><strong>τὰ</strong></span> <span class='ocrx_word' id='word_1_199' title='bbox 1086 2361 1343 2439; x_wconf 78' lang='grc' dir='ltr'><strong><em>Φυσικὰ</em></strong></span> <span class='ocrx_word' id='word_1_200' title='bbox 1399 2366 1747 2458; x_wconf 75' lang='grc' dir='ltr'><strong><em>ἐπιγράφει</em></strong></span> <span class='ocrx_word' id='word_1_201' title='bbox 1803 2373 1896 2455; x_wconf 74' lang='grc' dir='ltr'><strong>τῷ</strong></span> <span class='ocrx_word' id='word_1_202' title='bbox 1951 2374 2028 2461; x_wconf 78' lang='grc' dir='ltr'><strong>τῇ</strong></span> <span class='ocrx_word' id='word_1_203' title='bbox 2085 2366 2264 2450; x_wconf 80' lang='grc' dir='ltr'><strong><em>τάξει</em></strong></span> <span class='ocrx_word' id='word_1_204' title='bbox 2319 2367 2457 2454; x_wconf 83' lang='grc' dir='ltr'><strong><em>μετ’</em></strong></span> <span class='ocrx_word' id='word_1_205' title='bbox 2497 2371 2749 2448; x_wconf 76' lang='grc' dir='ltr'><strong><em>ἐκείνην</em></strong></span> 
     </span>
     <span class='ocr_line' id='line_1_22' title="bbox 542 2465 2746 2562; baseline -0.002 -23"><span class='ocrx_word' id='word_1_206' title='bbox 542 2470 710 2542; x_wconf 82' lang='grc' dir='ltr'><strong><em>εἶναι</em></strong></span> <span class='ocrx_word' id='word_1_207' title='bbox 751 2465 919 2559; x_wconf 75' lang='grc' dir='ltr'><em>πρὸς</em></span> <span class='ocrx_word' id='word_1_208' title='bbox 960 2467 1157 2556; x_wconf 81' lang='grc' dir='ltr'><strong><em>ἡμᾶς.</em></strong></span> <span class='ocrx_word' id='word_1_209' title='bbox 1244 2471 1417 2556; x_wconf 76' lang='grc' dir='ltr'><strong><em>λέγει</em></strong></span> <span class='ocrx_word' id='word_1_210' title='bbox 1477 2473 1546 2538; x_wconf 81' lang='grc' dir='ltr'><strong>δὲ</strong></span> <span class='ocrx_word' id='word_1_211' title='bbox 1608 2468 1814 2555; x_wconf 82' lang='grc' dir='ltr'><strong><em>αὐτὴν</em></strong></span> <span class='ocrx_word' id='word_1_212' title='bbox 1870 2476 1982 2540; x_wconf 88' lang='grc' dir='ltr'><strong>καὶ</strong></span> <span class='ocrx_word' id='word_1_213' title='bbox 2024 2469 2288 2561; x_wconf 80' lang='grc' dir='ltr'><strong>πρώτην</strong></span> <span class='ocrx_word' id='word_1_214' title='bbox 2332 2475 2596 2562; x_wconf 79' lang='grc' dir='ltr'><strong><em>σοφίαν,</em></strong></span> <span class='ocrx_word' id='word_1_215' title='bbox 2640 2466 2746 2538; x_wconf 88' lang='grc' dir='ltr'><strong>ὅτι</strong></span> 
     </span>
     <span class='ocr_line' id='line_1_23' title="bbox 541 2567 2738 2664; baseline -0.002 -22"><span class='ocrx_word' id='word_1_216' title='bbox 541 2578 672 2643; x_wconf 75' lang='grc' dir='ltr'><strong>τῶν</strong></span> <span class='ocrx_word' id='word_1_217' title='bbox 715 2571 988 2663; x_wconf 85' lang='grc' dir='ltr'><em>πρώτων</em></span> <span class='ocrx_word' id='word_1_218' title='bbox 1031 2577 1144 2640; x_wconf 80' lang='grc' dir='ltr'><strong>καὶ</strong></span> <span class='ocrx_word' id='word_1_219' title='bbox 1186 2572 1594 2658; x_wconf 72' lang='grc' dir='ltr'><strong><em>τιμιωτάτων</em></strong></span> <span class='ocrx_word' id='word_1_220' title='bbox 1639 2580 1776 2643; x_wconf 82' lang='grc' dir='ltr'><strong><em>ἐστὶ</em></strong></span> <span class='ocrx_word' id='word_1_221' title='bbox 1823 2574 2217 2664; x_wconf 76' lang='grc' dir='ltr'><strong><em>θεωρητική.</em></strong></span> <span class='ocrx_word' id='word_1_222' title='bbox 2303 2571 2411 2641; x_wconf 79' lang='grc' dir='ltr'><strong>διὰ</strong></span> <span class='ocrx_word' id='word_1_223' title='bbox 2457 2571 2531 2644; x_wconf 84' lang='grc' dir='ltr'><strong>τὸ</strong></span> <span class='ocrx_word' id='word_1_224' title='bbox 2576 2567 2738 2639; x_wconf 79' lang='grc' dir='ltr'><strong><em>αὐτὸ</em></strong></span> 
     </span>
     <span class='ocr_line' id='line_1_24' title="bbox 541 2674 2742 2768; baseline -0.003 -20"><span class='ocrx_word' id='word_1_225' title='bbox 541 2681 611 2748; x_wconf 68' lang='grc' dir='ltr'><strong>δὲ</strong></span> <span class='ocrx_word' id='word_1_226' title='bbox 654 2682 850 2746; x_wconf 85' lang='grc' dir='ltr'><em>τοῦτο</em></span> <span class='ocrx_word' id='word_1_227' title='bbox 894 2680 1008 2744; x_wconf 85' lang='grc' dir='ltr'><strong>καὶ</strong></span> <span class='ocrx_word' id='word_1_228' title='bbox 1052 2674 1427 2766; x_wconf 73' lang='grc' dir='ltr'><strong><em>θεολογική.</em></strong></span> <span class='ocrx_word' id='word_1_229' title='bbox 1487 2679 1574 2744; x_wconf 88' lang='lat' dir='ltr'><strong>id.</strong></span> <span class='ocrx_word' id='word_1_230' title='bbox 1605 2705 1668 2768; x_wconf 89' lang='lat' dir='ltr'><strong>p.</strong></span> <span class='ocrx_word' id='word_1_231' title='bbox 1700 2684 1847 2759; x_wconf 83' lang='lat'><strong>698,</strong></span> <span class='ocrx_word' id='word_1_232' title='bbox 1883 2684 1939 2745; x_wconf 91' lang='lat'><strong>1.</strong></span> <span class='ocrx_word' id='word_1_233' title='bbox 2001 2682 2291 2746; x_wconf 88' lang='lat' dir='ltr'><strong>Ammon.</strong></span> <span class='ocrx_word' id='word_1_234' title='bbox 2321 2682 2389 2748; x_wconf 89' lang='lat' dir='ltr'><strong>in</strong></span> <span class='ocrx_word' id='word_1_235' title='bbox 2420 2678 2560 2744; x_wconf 82' lang='lat' dir='ltr'><strong>Cat.</strong></span> <span class='ocrx_word' id='word_1_236' title='bbox 2590 2680 2632 2742; x_wconf 87' lang='grc'><strong>6</strong></span> <span class='ocrx_word' id='word_1_237' title='bbox 2660 2679 2742 2742; x_wconf 85' lang='lat' dir='ltr'><strong>B.</strong></span> 
     </span>
     <span class='ocr_line' id='line_1_25' title="bbox 541 2783 2749 2870; baseline -0.001 -23"><span class='ocrx_word' id='word_1_238' title='bbox 541 2784 762 2870; x_wconf 87' lang='lat' dir='ltr'><strong>simpl.</strong></span> <span class='ocrx_word' id='word_1_239' title='bbox 810 2786 876 2846; x_wconf 87' lang='lat' dir='ltr'><strong>in</strong></span> <span class='ocrx_word' id='word_1_240' title='bbox 920 2783 1112 2867; x_wconf 82' lang='lat' dir='ltr'><strong>Phys.</strong></span> <span class='ocrx_word' id='word_1_241' title='bbox 1144 2785 1230 2847; x_wconf 87' lang='grc'><strong>56</strong></span> <span class='ocrx_word' id='word_1_242' title='bbox 1265 2786 1348 2859; x_wconf 88' lang='grc' dir='ltr'><strong>Β;</strong></span> <span class='ocrx_word' id='word_1_243' title='bbox 1397 2786 1684 2848; x_wconf 84' lang='lat' dir='ltr'><strong>nimirum</strong></span> <span class='ocrx_word' id='word_1_244' title='bbox 1733 2795 2066 2870; x_wconf 87' lang='lat' dir='ltr'><strong>postquam</strong></span> <span class='ocrx_word' id='word_1_245' title='bbox 2115 2807 2236 2849; x_wconf 88' lang='lat' dir='ltr'><strong>usu</strong></span> <span class='ocrx_word' id='word_1_246' title='bbox 2278 2783 2544 2848; x_wconf 82' lang='lat' dir='ltr'><strong>invaluit</strong></span> <span class='ocrx_word' id='word_1_247' title='bbox 2587 2783 2749 2846; x_wconf 89' lang='lat' dir='ltr'><strong>haec</strong></span> 
     </span>
     <span class='ocr_line' id='line_1_26' title="bbox 541 2884 2748 2975; baseline -0.001 -24"><span class='ocrx_word' id='word_1_248' title='bbox 541 2887 850 2964; x_wconf 71' lang='lat' dir='ltr'><strong>librorum</strong></span> <span class='ocrx_word' id='word_1_249' title='bbox 897 2888 1249 2972; x_wconf 80' lang='lat' dir='ltr'><strong>inscriptio,</strong></span> <span class='ocrx_word' id='word_1_250' title='bbox 1291 2908 1511 2972; x_wconf 82' lang='lat' dir='ltr'><strong>parum</strong></span> <span class='ocrx_word' id='word_1_251' title='bbox 1557 2885 1812 2954; x_wconf 83' lang='lat' dir='ltr'><strong>solliciti</strong></span> <span class='ocrx_word' id='word_1_252' title='bbox 1860 2888 2030 2954; x_wconf 87' lang='lat' dir='ltr'><strong>unde</strong></span> <span class='ocrx_word' id='word_1_253' title='bbox 2063 2891 2372 2975; x_wconf 86' lang='lat' dir='ltr'><strong>originem</strong></span> <span class='ocrx_word' id='word_1_254' title='bbox 2402 2886 2634 2950; x_wconf 78' lang='lat' dir='ltr'><strong>habeat</strong></span> <span class='ocrx_word' id='word_1_255' title='bbox 2665 2884 2748 2948; x_wconf 88' lang='lat' dir='ltr'><strong>ad</strong></span> 
     </span>
     <span class='ocr_line' id='line_1_27' title="bbox 540 2988 2751 3078; baseline 0 -23"><span class='ocrx_word' id='word_1_256' title='bbox 540 2994 747 3075; x_wconf 66' lang='lat' dir='ltr'><strong>ipsum</strong></span> <span class='ocrx_word' id='word_1_257' title='bbox 792 2988 1097 3055; x_wconf 86' lang='lat' dir='ltr'><strong>librorum</strong></span> <span class='ocrx_word' id='word_1_258' title='bbox 1143 2999 1467 3060; x_wconf 82' lang='lat' dir='ltr'><strong>auctorem</strong></span> <span class='ocrx_word' id='word_1_259' title='bbox 1511 3011 1645 3053; x_wconf 90' lang='lat' dir='ltr'><strong>eam</strong></span> <span class='ocrx_word' id='word_1_260' title='bbox 1692 2991 1977 3056; x_wconf 77' lang='lat' dir='ltr'><strong>referunt</strong></span> <span class='ocrx_word' id='word_1_261' title='bbox 2021 3003 2085 3057; x_wconf 89' lang='lat' dir='ltr'><strong>et</strong></span> <span class='ocrx_word' id='word_1_262' title='bbox 2114 2991 2267 3078; x_wconf 89' lang='lat' dir='ltr'><strong>quid</strong></span> <span class='ocrx_word' id='word_1_263' title='bbox 2299 2989 2618 3077; x_wconf 79' lang='lat' dir='ltr'><strong>significet</strong></span> <span class='ocrx_word' id='word_1_264' title='bbox 2649 3012 2751 3056; x_wconf 80' lang='lat' dir='ltr'><strong>ex-</strong></span> 
     </span>
     <span class='ocr_line' id='line_1_28' title="bbox 542 3092 2749 3180; baseline 0.001 -25"><span class='ocrx_word' id='word_1_265' title='bbox 542 3094 800 3180; x_wconf 79' lang='lat' dir='ltr'><strong>plicant.</strong></span> <span class='ocrx_word' id='word_1_266' title='bbox 892 3094 1102 3157; x_wconf 84' lang='lat' dir='ltr'><strong>Primo</strong></span> <span class='ocrx_word' id='word_1_267' title='bbox 1157 3103 1364 3158; x_wconf 86' lang='lat' dir='ltr'><strong>autem</strong></span> <span class='ocrx_word' id='word_1_268' title='bbox 1410 3106 1561 3178; x_wconf 91' lang='lat' dir='ltr'><strong>post</strong></span> <span class='ocrx_word' id='word_1_269' title='bbox 1607 3092 1758 3157; x_wconf 87' lang='lat' dir='ltr'><strong>Chr.</strong></span> <span class='ocrx_word' id='word_1_270' title='bbox 1805 3116 1867 3157; x_wconf 88' lang='lat' dir='ltr'><strong>n.</strong></span> <span class='ocrx_word' id='word_1_271' title='bbox 1924 3094 2145 3159; x_wconf 89' lang='lat' dir='ltr'><strong>seculo</strong></span> <span class='ocrx_word' id='word_1_272' title='bbox 2203 3098 2494 3172; x_wconf 69' lang='lat' dir='ltr'><strong>usitatam</strong></span> <span class='ocrx_word' id='word_1_273' title='bbox 2551 3093 2749 3162; x_wconf 78' lang='lat' dir='ltr'><strong>fuisse</strong></span> 
     </span>
     <span class='ocr_line' id='line_1_29' title="bbox 541 3189 2750 3284; baseline -0.001 -20"><span class='ocrx_word' id='word_1_274' title='bbox 541 3199 1019 3284; x_wconf 83' lang='lat' dir='ltr'><strong>inscriptionem</strong></span> <span class='ocrx_word' id='word_1_275' title='bbox 1075 3189 1157 3259; x_wconf 82' lang='grc' dir='ltr'><strong>τὰ</strong></span> <span class='ocrx_word' id='word_1_276' title='bbox 1212 3190 1378 3282; x_wconf 72' lang='grc' dir='ltr'><strong><em>μετὰ</em></strong></span> <span class='ocrx_word' id='word_1_277' title='bbox 1434 3191 1517 3258; x_wconf 78' lang='grc' dir='ltr'><strong>τὰ</strong></span> <span class='ocrx_word' id='word_1_278' title='bbox 1582 3192 1827 3283; x_wconf 83' lang='grc' dir='ltr'><strong><em>φυσικά</em></strong></span> <span class='ocrx_word' id='word_1_279' title='bbox 1883 3198 2035 3262; x_wconf 90' lang='lat' dir='ltr'><strong>inde</strong></span> <span class='ocrx_word' id='word_1_280' title='bbox 2098 3197 2499 3284; x_wconf 82' lang='lat' dir='ltr'><strong>intelligitur,</strong></span> <span class='ocrx_word' id='word_1_281' title='bbox 2571 3194 2750 3279; x_wconf 86' lang='lat' dir='ltr'><strong>quod</strong></span> 
     </span>
     <span class='ocr_line' id='line_1_30' title="bbox 542 3299 2751 3387; baseline -0.003 -21"><span class='ocrx_word' id='word_1_282' title='bbox 542 3301 907 3379; x_wconf 87' lang='lat' dir='ltr'><strong>Nicolaum,</strong></span> <span class='ocrx_word' id='word_1_283' title='bbox 966 3299 1414 3387; x_wconf 81' lang='lat' dir='ltr'><strong>philosophum</strong></span> <span class='ocrx_word' id='word_1_284' title='bbox 1460 3301 1977 3385; x_wconf 86' lang='lat' dir='ltr'><strong>Peripateticum,</strong></span> <span class='ocrx_word' id='word_1_285' title='bbox 2029 3304 2428 3387; x_wconf 84' lang='lat' dir='ltr'><strong>imperatoris</strong></span> <span class='ocrx_word' id='word_1_286' title='bbox 2476 3300 2751 3385; x_wconf 83' lang='lat' dir='ltr'><strong>Augusti</strong></span> 
     </span>
     <span class='ocr_line' id='line_1_31' title="bbox 544 3403 2751 3490; baseline -0 -22"><span class='ocrx_word' id='word_1_287' title='bbox 544 3404 897 3489; x_wconf 73' lang='lat' dir='ltr'><strong>aequalem,</strong></span> <span class='ocrx_word' id='word_1_288' title='bbox 953 3407 1277 3489; x_wconf 84' lang='lat' dir='ltr'><strong>scripsisse</strong></span> <span class='ocrx_word' id='word_1_289' title='bbox 1337 3407 1691 3490; x_wconf 84' lang='lat' dir='ltr'><strong>accepimus</strong></span> <span class='ocrx_word' id='word_1_290' title='bbox 1750 3404 2047 3489; x_wconf 74' lang='grc' dir='ltr'><strong><em>θεωρίαν</em></strong></span> <span class='ocrx_word' id='word_1_291' title='bbox 2092 3406 2220 3469; x_wconf 80' lang='grc' dir='ltr'><strong>τῶν</strong></span> <span class='ocrx_word' id='word_1_292' title='bbox 2266 3403 2751 3488; x_wconf 73' lang='grc' dir='ltr'><strong><em>Ἀριστοτέλους</em></strong></span> 
     </span>
     <span class='ocr_line' id='line_1_32' title="bbox 541 3501 2752 3594; baseline -0.001 -24"><span class='ocrx_word' id='word_1_293' title='bbox 541 3502 709 3589; x_wconf 78' lang='grc' dir='ltr'><strong><em>μετὰ</em></strong></span> <span class='ocrx_word' id='word_1_294' title='bbox 737 3501 819 3570; x_wconf 75' lang='grc' dir='ltr'><strong>τοὶ</strong></span> <span class='ocrx_word' id='word_1_295' title='bbox 852 3502 1114 3594; x_wconf 86' lang='grc' dir='ltr'><strong><em>φυσικά,</em></strong></span> <span class='ocrx_word' id='word_1_296' title='bbox 1162 3506 1238 3569; x_wconf 82' lang='lat' dir='ltr'><strong>cf.</strong></span> <span class='ocrx_word' id='word_1_297' title='bbox 1272 3507 1457 3569; x_wconf 89' lang='lat' dir='ltr'><strong>Arist.</strong></span> <span class='ocrx_word' id='word_1_298' title='bbox 1493 3516 1558 3568; x_wconf 91' lang='lat' dir='ltr'><strong>et</strong></span> <span class='ocrx_word' id='word_1_299' title='bbox 1582 3507 1907 3590; x_wconf 88' lang='lat' dir='ltr'><strong>Theophr.</strong></span> <span class='ocrx_word' id='word_1_300' title='bbox 1938 3507 2379 3592; x_wconf 83' lang='lat' dir='ltr'><strong>Metaphysica</strong></span> <span class='ocrx_word' id='word_1_301' title='bbox 2416 3506 2515 3570; x_wconf 90' lang='lat' dir='ltr'><strong>ed.</strong></span> <span class='ocrx_word' id='word_1_302' title='bbox 2546 3508 2752 3568; x_wconf 84' lang='lat' dir='ltr'><strong>Bran-</strong></span> 
     </span>
     <span class='ocr_line' id='line_1_33' title="bbox 526 3599 2750 3695; baseline -0 -23"><span class='ocrx_word' id='word_1_303' title='bbox 526 3599 643 3675; x_wconf 81' lang='lat' dir='ltr'><strong>¹dis</strong></span> <span class='ocrx_word' id='word_1_304' title='bbox 687 3632 748 3694; x_wconf 93' lang='lat' dir='ltr'><strong>p.</strong></span> <span class='ocrx_word' id='word_1_305' title='bbox 780 3610 926 3687; x_wconf 79' lang='lat'><strong>323,</strong></span> <span class='ocrx_word' id='word_1_306' title='bbox 961 3611 1073 3684; x_wconf 81' lang='lat'><strong>18;</strong></span> <span class='ocrx_word' id='word_1_307' title='bbox 1124 3619 1191 3672; x_wconf 85' lang='lat' dir='ltr'><strong>et</strong></span> <span class='ocrx_word' id='word_1_308' title='bbox 1231 3608 1475 3692; x_wconf 89' lang='lat' dir='ltr'><strong>aliquot</strong></span> <span class='ocrx_word' id='word_1_309' title='bbox 1519 3614 1699 3673; x_wconf 87' lang='lat' dir='ltr'><strong>annis</strong></span> <span class='ocrx_word' id='word_1_310' title='bbox 1745 3621 1895 3695; x_wconf 90' lang='lat' dir='ltr'><strong>post</strong></span> <span class='ocrx_word' id='word_1_311' title='bbox 1922 3608 2296 3672; x_wconf 89' lang='lat' dir='ltr'><strong>Plutarchus</strong></span> <span class='ocrx_word' id='word_1_312' title='bbox 2340 3613 2406 3672; x_wconf 89' lang='lat' dir='ltr'><strong>in</strong></span> <span class='ocrx_word' id='word_1_313' title='bbox 2440 3611 2567 3673; x_wconf 81' lang='lat' dir='ltr'><strong>vita</strong></span> <span class='ocrx_word' id='word_1_314' title='bbox 2599 3608 2750 3671; x_wconf 88' lang='lat' dir='ltr'><strong>Ale-</strong></span> 
     </span>
     <span class='ocr_line' id='line_1_34' title="bbox 486 3710 2751 3803; baseline -0 -28"><span class='ocrx_word' id='word_1_315' title='bbox 486 3794 494 3803; x_wconf 33' lang='grc'><em>,</em></span> <span class='ocrx_word' id='word_1_316' title='bbox 544 3710 761 3775; x_wconf 83' lang='lat' dir='ltr'><strong>xandri</strong></span> <span class='ocrx_word' id='word_1_317' title='bbox 810 3734 860 3776; x_wconf 92' lang='lat' dir='ltr'><strong>c.</strong></span> <span class='ocrx_word' id='word_1_318' title='bbox 912 3714 949 3776; x_wconf 86' lang='lat'>7</span> <span class='ocrx_word' id='word_1_319' title='bbox 1003 3711 1200 3776; x_wconf 90' lang='lat' dir='ltr'><strong>libros</strong></span> <span class='ocrx_word' id='word_1_320' title='bbox 1249 3710 1644 3791; x_wconf 83' lang='lat' dir='ltr'><strong>AristoteliS‚</strong></span> <span class='ocrx_word' id='word_1_321' title='bbox 1703 3715 1807 3798; x_wconf 89' lang='lat' dir='ltr'><strong>qui</strong></span> <span class='ocrx_word' id='word_1_322' title='bbox 1865 3723 2014 3778; x_wconf 89' lang='lat' dir='ltr'><strong>sunt</strong></span> <span class='ocrx_word' id='word_1_323' title='bbox 2072 3711 2154 3775; x_wconf 89' lang='lat' dir='ltr'><strong>de</strong></span> <span class='ocrx_word' id='word_1_324' title='bbox 2206 3714 2407 3798; x_wconf 89' lang='lat' dir='ltr'><strong>prima</strong></span> <span class='ocrx_word' id='word_1_325' title='bbox 2462 3711 2751 3799; x_wconf 90' lang='lat' dir='ltr'><strong>philoso-</strong></span> 
     </span>
    </p>
   </div>
   <div class='ocr_carea' id='block_1_3' title="bbox 484 3915 2748 4422">
    <p class='ocr_par' dir='ltr' id='par_1_3' title="bbox 484 3915 2748 4422">
     <span class='ocr_line' id='line_1_35' title="bbox 484 3915 2748 4000; baseline 0.001 -26"><span class='ocrx_word' id='word_1_326' title='bbox 484 3991 491 4000; x_wconf 85' lang='lat'><strong>.</strong></span> <span class='ocrx_word' id='word_1_327' title='bbox 629 3917 719 3989; x_wconf 86' lang='grc'><strong>,1)</strong></span> <span class='ocrx_word' id='word_1_328' title='bbox 754 3922 815 3976; x_wconf 83' lang='lat' dir='ltr'><strong>In</strong></span> <span class='ocrx_word' id='word_1_329' title='bbox 846 3922 959 3988; x_wconf 67' lang='lat' dir='ltr'><strong>alio,</strong></span> <span class='ocrx_word' id='word_1_330' title='bbox 996 3923 1083 3992; x_wconf 83' lang='lat' dir='ltr'><strong>qui</strong></span> <span class='ocrx_word' id='word_1_331' title='bbox 1117 3938 1372 3993; x_wconf 73' lang='lat' dir='ltr'><strong>praetenea</strong></span> <span class='ocrx_word' id='word_1_332' title='bbox 1406 3923 1576 3976; x_wconf 20' lang='lat' dir='ltr'><strong>afferri.</strong></span> <span class='ocrx_word' id='word_1_333' title='bbox 1605 3937 1784 3993; x_wconf 85' lang='lat' dir='ltr'><strong>potest,</strong></span> <span class='ocrx_word' id='word_1_334' title='bbox 1817 3924 1931 3975; x_wconf 91' lang='lat' dir='ltr'><strong>loco</strong></span> <span class='ocrx_word' id='word_1_335' title='bbox 1966 3923 2030 3976; x_wconf 86' lang='lat' dir='ltr'><strong>de</strong></span> <span class='ocrx_word' id='word_1_336' title='bbox 2061 3936 2210 3974; x_wconf 84' lang='lat' dir='ltr'><strong>motu</strong></span> <span class='ocrx_word' id='word_1_337' title='bbox 2244 3923 2394 3975; x_wconf 80' lang='lat' dir='ltr'><strong>anim.</strong></span> <span class='ocrx_word' id='word_1_338' title='bbox 2435 3939 2482 3980; x_wconf 81' lang='grc'><strong>6.</strong></span> <span class='ocrx_word' id='word_1_339' title='bbox 2524 3915 2655 3977; x_wconf 69' lang='grc' dir='ltr'><strong>70οό</strong></span> <span class='ocrx_word' id='word_1_340' title='bbox 2694 3937 2748 3976; x_wconf 82' lang='lat'><strong>7:</strong></span> 
     </span>
     <span class='ocr_line' id='line_1_36' title="bbox 484 4004 2748 4081; baseline 0 -22"><span class='ocrx_word' id='word_1_341' title='bbox 484 4005 487 4006; x_wconf 38' lang='lat'><em>⁷</em></span> <span class='ocrx_word' id='word_1_342' title='bbox 544 4009 665 4080; x_wconf 61' lang='grc' dir='ltr'><strong>περὶ</strong></span> <span class='ocrx_word' id='word_1_343' title='bbox 698 4012 790 4078; x_wconf 79' lang='grc' dir='ltr'><strong>μὲν</strong></span> <span class='ocrx_word' id='word_1_344' title='bbox 825 4008 923 4060; x_wconf 75' lang='grc' dir='ltr'><strong>τοῦ</strong></span> <span class='ocrx_word' id='word_1_345' title='bbox 960 4006 1170 4080; x_wconf 80' lang='grc' dir='ltr'><em>πρώτου</em></span> <span class='ocrx_word' id='word_1_346' title='bbox 1208 4014 1509 4079; x_wconf 58' lang='grc' dir='ltr'><strong><em>κινουμένου</em></strong></span> <span class='ocrx_word' id='word_1_347' title='bbox 1547 4012 1639 4072; x_wconf 72' lang='grc' dir='ltr'><strong>καὶ</strong></span> <span class='ocrx_word' id='word_1_348' title='bbox 1673 4004 1754 4062; x_wconf 71' lang='grc' dir='ltr'><strong>ἀεὶ</strong></span> <span class='ocrx_word' id='word_1_349' title='bbox 1780 4012 2099 4078; x_wconf 72' lang='grc' dir='ltr'><strong><em>κινουμένου,</em></strong></span> <span class='ocrx_word' id='word_1_350' title='bbox 2134 4013 2257 4062; x_wconf 75' lang='grc' dir='ltr'><strong><em>τίνα</em></strong></span> <span class='ocrx_word' id='word_1_351' title='bbox 2284 4007 2489 4081; x_wconf 80' lang='grc' dir='ltr'><strong><em>τρόπον</em></strong></span> <span class='ocrx_word' id='word_1_352' title='bbox 2513 4016 2748 4072; x_wconf 62' lang='grc' dir='ltr'><strong><em>κινεῖται,</em></strong></span> 
     </span>
     <span class='ocr_line' id='line_1_37' title="bbox 487 4090 2748 4165; baseline 0.001 -23"><span class='ocrx_word' id='word_1_353' title='bbox 487 4125 495 4142; x_wconf 59' lang='grc' dir='ltr'><strong>ι.</strong></span> <span class='ocrx_word' id='word_1_354' title='bbox 545 4096 638 4150; x_wconf 68' lang='grc' dir='ltr'><strong>καὶ</strong></span> <span class='ocrx_word' id='word_1_355' title='bbox 670 4090 776 4152; x_wconf 74' lang='grc' dir='ltr'><strong>πός</strong></span> <span class='ocrx_word' id='word_1_356' title='bbox 809 4098 943 4156; x_wconf 47' lang='grc' dir='ltr'><strong><em>κανεῖ</em></strong></span> <span class='ocrx_word' id='word_1_357' title='bbox 971 4092 1034 4146; x_wconf 85' lang='grc' dir='ltr'><strong>τὸ</strong></span> <span class='ocrx_word' id='word_1_358' title='bbox 1072 4091 1279 4164; x_wconf 69' lang='grc' dir='ltr'><strong>πρῶτον</strong></span> <span class='ocrx_word' id='word_1_359' title='bbox 1315 4098 1504 4160; x_wconf 76' lang='grc' dir='ltr'><strong><em>κινοῦν,</em></strong></span> <span class='ocrx_word' id='word_1_360' title='bbox 1542 4095 1815 4165; x_wconf 75' lang='grc' dir='ltr'><strong><em>διώρισται</em></strong></span> <span class='ocrx_word' id='word_1_361' title='bbox 1850 4091 2106 4165; x_wconf 80' lang='grc' dir='ltr'><strong><em>πρότερον</em></strong></span> <span class='ocrx_word' id='word_1_362' title='bbox 2132 4098 2183 4147; x_wconf 66' lang='grc' dir='ltr'><strong>ἐν</strong></span> <span class='ocrx_word' id='word_1_363' title='bbox 2206 4098 2320 4156; x_wconf 81' lang='grc' dir='ltr'><strong><em>τοῖς</em></strong></span> <span class='ocrx_word' id='word_1_364' title='bbox 2344 4096 2579 4165; x_wconf 73' lang='grc' dir='ltr'><strong><em>περὶτῆς</em></strong></span> <span class='ocrx_word' id='word_1_365' title='bbox 2604 4092 2748 4164; x_wconf 58' lang='grc' dir='ltr'><strong><em>περώ-</em></strong></span> 
     </span>
     <span class='ocr_line' id='line_1_38' title="bbox 544 4176 2748 4251; baseline 0 -18"><span class='ocrx_word' id='word_1_366' title='bbox 544 4202 639 4249; x_wconf 81' lang='grc' dir='ltr'><strong>της</strong></span> <span class='ocrx_word' id='word_1_367' title='bbox 682 4181 1006 4249; x_wconf 67' lang='grc' dir='ltr'><strong><em>φιλοσοφίας</em></strong></span> <span class='ocrx_word' id='word_1_368' title='bbox 1046 4181 1198 4239; x_wconf 66' lang='lat' dir='ltr'><strong>verba</strong></span> <span class='ocrx_word' id='word_1_369' title='bbox 1242 4176 1461 4242; x_wconf 64' lang='lat' dir='ltr'><strong>extrema</strong></span> <span class='ocrx_word' id='word_1_370' title='bbox 1494 4186 1546 4244; x_wconf 66' lang='grc' dir='ltr'><strong>ἐν</strong></span> <span class='ocrx_word' id='word_1_371' title='bbox 1581 4186 1692 4242; x_wconf 80' lang='grc' dir='ltr'><strong><em>τοῖς</em></strong></span> <span class='ocrx_word' id='word_1_372' title='bbox 1730 4183 1847 4251; x_wconf 77' lang='grc' dir='ltr'><strong><em>περὶ</em></strong></span> <span class='ocrx_word' id='word_1_373' title='bbox 1884 4182 1975 4249; x_wconf 72' lang='grc' dir='ltr'><strong>τῆς</strong></span> <span class='ocrx_word' id='word_1_374' title='bbox 2011 4199 2096 4251; x_wconf 80' lang='grc' dir='ltr'><strong>πρ.</strong></span> <span class='ocrx_word' id='word_1_375' title='bbox 2134 4202 2192 4251; x_wconf 80' lang='grc' dir='ltr'><strong>φ.Ι</strong></span> <span class='ocrx_word' id='word_1_376' title='bbox 2221 4200 2332 4234; x_wconf 72' lang='lat' dir='ltr'><strong>mon</strong></span> <span class='ocrx_word' id='word_1_377' title='bbox 2361 4180 2518 4250; x_wconf 80' lang='lat' dir='ltr'><strong>ipsius</strong></span> <span class='ocrx_word' id='word_1_378' title='bbox 2555 4179 2748 4234; x_wconf 73' lang='lat' dir='ltr'><strong>Aristu-</strong></span> 
     </span>
     <span class='ocr_line' id='line_1_39' title="bbox 546 4264 2745 4339; baseline -0.001 -21"><span class='ocrx_word' id='word_1_379' title='bbox 546 4266 655 4318; x_wconf 72' lang='lat' dir='ltr'><strong>telis</strong></span> <span class='ocrx_word' id='word_1_380' title='bbox 685 4267 775 4318; x_wconf 79' lang='lat' dir='ltr'><strong>sed</strong></span> <span class='ocrx_word' id='word_1_381' title='bbox 804 4279 981 4334; x_wconf 75' lang='lat' dir='ltr'><strong>postea</strong></span> <span class='ocrx_word' id='word_1_382' title='bbox 1013 4266 1178 4320; x_wconf 77' lang='lat' dir='ltr'><strong>addita</strong></span> <span class='ocrx_word' id='word_1_383' title='bbox 1214 4286 1335 4330; x_wconf 81' lang='lat' dir='ltr'><strong>esse,</strong></span> <span class='ocrx_word' id='word_1_384' title='bbox 1369 4286 1535 4336; x_wconf 79' lang='lat' dir='ltr'><strong>neque</strong></span> <span class='ocrx_word' id='word_1_385' title='bbox 1572 4287 1631 4318; x_wconf 82' lang='lat' dir='ltr'><strong>ea</strong></span> <span class='ocrx_word' id='word_1_386' title='bbox 1667 4268 1731 4320; x_wconf 75' lang='lat' dir='ltr'><strong>ad</strong></span> <span class='ocrx_word' id='word_1_387' title='bbox 1764 4267 1989 4336; x_wconf 68' lang='lat' dir='ltr'><strong>Memph.</strong></span> <span class='ocrx_word' id='word_1_388' title='bbox 2026 4269 2080 4320; x_wconf 91' lang='grc' dir='ltr'><em>Λ</em></span> <span class='ocrx_word' id='word_1_389' title='bbox 2115 4268 2204 4320; x_wconf 81' lang='lat' dir='ltr'><strong>sed</strong></span> <span class='ocrx_word' id='word_1_390' title='bbox 2223 4268 2302 4318; x_wconf 64' lang='lat' dir='ltr'><strong>ad</strong></span> <span class='ocrx_word' id='word_1_391' title='bbox 2326 4266 2652 4339; x_wconf 76' lang='lat' dir='ltr'><strong>Physicorum</strong></span> <span class='ocrx_word' id='word_1_392' title='bbox 2687 4264 2745 4315; x_wconf 85' lang='lat' dir='ltr'><strong>li-</strong></span> 
     </span>
     <span class='ocr_line' id='line_1_40' title="bbox 546 4351 2532 4422; baseline 0.002 -19"><span class='ocrx_word' id='word_1_393' title='bbox 546 4354 697 4404; x_wconf 85' lang='lat' dir='ltr'><strong>brum</strong></span> <span class='ocrx_word' id='word_1_394' title='bbox 731 4365 1009 4404; x_wconf 83' lang='lat' dir='ltr'><strong>extremum</strong></span> <span class='ocrx_word' id='word_1_395' title='bbox 1041 4366 1276 4422; x_wconf 82' lang='lat' dir='ltr'><strong>spectare,</strong></span> <span class='ocrx_word' id='word_1_396' title='bbox 1310 4352 1631 4422; x_wconf 82' lang='lat' dir='ltr'><strong>probabiliter</strong></span> <span class='ocrx_word' id='word_1_397' title='bbox 1655 4353 1867 4408; x_wconf 83' lang='lat' dir='ltr'><strong>coniecit</strong></span> <span class='ocrx_word' id='word_1_398' title='bbox 1885 4351 2094 4414; x_wconf 68' lang='lat' dir='ltr'><strong>Krische</strong></span> <span class='ocrx_word' id='word_1_399' title='bbox 2115 4354 2147 4406; x_wconf 89' lang='lat' dir='ltr'><strong>l.</strong></span> <span class='ocrx_word' id='word_1_400' title='bbox 2171 4355 2203 4404; x_wconf 91' lang='lat' dir='ltr'><strong>l.</strong></span> <span class='ocrx_word' id='word_1_401' title='bbox 2229 4374 2279 4422; x_wconf 86' lang='lat' dir='ltr'><strong>p.</strong></span> <span class='ocrx_word' id='word_1_402' title='bbox 2304 4368 2399 4416; x_wconf 69' lang='lat'><strong>267</strong></span> <span class='ocrx_word' id='word_1_403' title='bbox 2428 4368 2532 4416; x_wconf 66' lang='lat' dir='ltr'><strong>not.</strong></span> 
     </span>
    </p>
   </div>
   <div class='ocr_carea' id='block_1_4' title="bbox 2955 188 2964 1887">
    <p class='ocr_par' dir='ltr' id='par_1_4' title="bbox 2955 188 2964 1887">
     <span class='ocr_line' id='line_1_41' title="bbox 2955 188 2964 1887; baseline 0 0"><span class='ocrx_word' id='word_1_404' title='bbox 2955 188 2964 1887; x_wconf 95' lang='lat' dir='ltr'><strong> </strong></span> 
     </span>
    </p>
   </div>
   <div class='ocr_carea' id='block_1_5' title="bbox 2957 4025 2962 4938">
    <p class='ocr_par' dir='ltr' id='par_1_5' title="bbox 2957 4025 2962 4938">
     <span class='ocr_line' id='line_1_42' title="bbox 2957 4025 2962 4938; baseline 0 0"><span class='ocrx_word' id='word_1_405' title='bbox 2957 4025 2962 4938; x_wconf 95' lang='lat' dir='ltr'><strong> </strong></span> 
     </span>
    </p>
   </div>
  </div>
 </body>
</html>
