3043 4973
558 239 703 318 542
1369 248 1474 317 M
1513 241 1586 315 6.
1671 239 1938 317 10806.

559 427 745 485 antea
793 418 1143 487 eorundem
1176 440 1583 486 numerorum
1624 428 1909 484 naturam
1950 418 2279 484 describitz
2326 413 2494 484 εἶναι
2525 411 2605 483 τὸ
2639 419 2769 504 μὲν

556 520 818 612 πρῶτόν
860 548 924 608 tr
967 521 1172 591 αὐτοῦ
1213 518 1292 590 τὸ
1338 520 1396 588 δ’
1436 518 1764 609 ἐχόμενον.
1853 524 2133 589 Possunt
2189 544 2346 588 sane
2401 523 2498 588 his
2545 522 2765 587 verbis

557 627 833 694 describi
879 631 1123 695 numeri
1169 650 1319 693 vere
1364 628 1801 706 mathematici,
1846 635 1917 691 ut
1959 630 2068 712 qui
2111 630 2257 714 ipso
2299 626 2525 692 ordine
2565 637 2631 693 et
2664 648 2767 693 se-

556 735 651 798 rie
695 754 871 799 suam
915 735 1184 819 quisque
1229 736 1354 797 vim
1399 730 1845 819 adipiscantur,
1888 729 2005 795 sed
2050 754 2125 797 ex
2158 735 2258 811 iis,
2298 752 2461 818 quae
2490 753 2766 817 sequun-

557 846 676 915 tur,
717 837 931 902 verbis
975 847 1244 923 apparet
1285 857 1419 901 non
1462 835 1882 902 multitudinis
1920 836 2003 902 de
2037 838 2219 913 serie,
2266 834 2382 900 sed
2416 834 2497 901 de
2533 834 2764 899 ordine

557 940 833 1028 quodam
879 939 1194 1025 qualitatis
1240 942 1362 1029 agi,
1405 961 1594 1026 quum
1643 941 1895 1027 quidem
1929 942 2323 1027 posteriores
2353 942 2596 1005 numeri
2624 929 2776 1005 non'

557 1045 787 1111 additis
847 1043 1193 1110 unitatibus
1253 1065 1326 1109 ex
1382 1044 1702 1131 prioribus
1748 1044 2177 1110 conficiuntur
2221 1043 2341 1126 (cf.
2380 1046 2588 1126 a31)‚
2645 1041 2767 1108 sed

556 1151 771 1234 specie
807 1147 1099 1213 diversae
1138 1158 1201 1212 et
1236 1146 1540 1234 qualitate
1574 1153 1967 1234 posteriores
2001 1159 2165 1216 sunt.
2239 1147 2530 1214 Eundem
2564 1149 2767 1234 ipsius

557 1252 873 1340 qualitatis
919 1251 1210 1318 ordinem
1257 1252 1489 1318 deinde
1538 1251 1838 1317 describit
1880 1255 1977 1318 his
2020 1253 2234 1319 verbis
2272 1253 2433 1318 ⁵12:
2477 1244 2597 1317 τὸν
2637 1252 2762 1335 μὲν

557 1349 941 1444 (ἀριθμὸν)
978 1357 1213 1442 ἔχοντα
1247 1350 1324 1423 τὸ
1357 1351 1683 1441 πρότερον
1716 1357 1831 1423 καὶ
1859 1351 2154 1447 ὕστερον,
2186 1366 2257 1423 ut
2289 1365 2590 1444 appareat
2622 1377 2767 1420 ver-

555 1460 783 1526 borum
826 1462 1038 1526 unice·
1059 1459 1547 1549 discrepantiam
1593 1481 1734 1525 esse
1772 1463 1908 1526 sive
1943 1483 2240 1527 numerus
2280 1460 2511 1527 dicitur
2551 1455 2767 1544 ἀσύμ-

552 1565 817 1651 βλητος,
859 1567 996 1629 sive
1039 1565 1201 1651 ἔχων
1242 1559 1320 1631 τὸ
1363 1559 1688 1653 πρότερον
1729 1566 1844 1631 καὶ
1880 1560 2173 1653 ὕστερον,
2217 1569 2351 1631 sive
2398 1554 2478 1630 οὗ
2520 1556 2597 1629 τὸ
2641 1564 2769 1645 μὲν

555 1664 821 1756 πρῶτόν
863 1691 927 1733 τι
969 1661 1048 1733 τὸ
1095 1666 1155 1733 δ’
1193 1664 1540 1754 ἐχόμενον,
1583 1672 1719 1734 sive
1764 1669 2097 1759 διαφέρων
2139 1672 2234 1754 τῷ
2278 1667 2458 1747 εἴδει,
2503 1666 2581 1731 cf.
2623 1665 2770 1730 Zel-

556 1772 656 1838 ler
697 1773 810 1838 Ph.
858 1769 921 1836 d.
965 1771 1081 1838 Gr.
1125 1772 1203 1837 11.
1250 1797 1313 1860 p.
1346 1775 1493 1851 211,
1540 1775 1601 1837 l.
1651 1807 1731 1823 -
1789 1773 1918 1839 Iam
1963 1773 2110 1839 huic
2153 1776 2357 1860 priori
2403 1772 2766 1859 partitionis

554 1877 860 1956 membro,
889 1894 1157 1941 numero
1190 1871 1607 1962 ἀσυμβλήτῳ,
1648 1873 1896 1963 opponi
1928 1873 2307 1963 συμβλητόν
2336 1885 2660 1963 exspectes
2688 1882 2768 1939 ut

556 1981 1148 2056 contradictorium3
1191 1977 1308 2044 sed
1355 2002 1515 2066 quae
1553 1980 1750 2047 verba
1787 2003 1903 2068 per
1942 1984 2407 2071 grammaticam
2443 1980 2766 2045 enunciati

557 2086 1130 2151 conformationem
1174 2082 1324 2149 illis:
1370 2077 1519 2163 ἤτοι
1563 2081 1730 2149 εἶναι
1765 2078 1840 2150 τὸ
1874 2086 1995 2170 μὲν
2029 2087 2163 2151 κτλ.
2206 2087 2454 2173 opponi
2484 2092 2764 2171 oportet,

553 2192 711 2255 ⁶23:
767 2180 814 2267 ἢ
855 2184 976 2264 τὰς
1016 2189 1137 2271 μὲν
1182 2180 1565 2272 συμβλητὰς
1607 2181 1726 2264 τὰς
1770 2189 1840 2254 δὲ
1882 2184 1977 2274 μὴ
2020 2191 2187 2269 xri„
2249 2211 2355 2267 ea,
2410 2192 2465 2254 si
2511 2197 2766 2254 senten-

556 2297 705 2360 tiam
749 2288 1120 2378 respexeris,
1171 2311 1306 2356 non
1349 2292 1552 2377 ipsam
1598 2294 1932 2358 continent
1973 2296 2207 2379 prioris
2251 2293 2515 2361 membri
2559 2312 2766 2379 oppo-

555 2398 871 2463 sitionem.
947 2395 1163 2482 Quum
1207 2397 1375 2460 enim
1423 2394 1598 2482 quod
1647 2406 1745 2461 est
1788 2399 1963 2482 prius
2008 2400 2370 2484 partitionis
2403 2397 2765 2475 membrum,

554 2524 884 2570 numerum
929 2495 1389 2585 ἀσύμβλητον,
1441 2521 1621 2568 novo
1676 2500 2035 2568 discrimine
2090 2500 2378 2567 dividere
2420 2504 2765 2567 instituerit

559 2611 821 2695 eiusque
866 2605 1199 2698 divisionis
1246 2603 1507 2670 alteram
1553 2616 1796 2691 partem
1843 2605 2141 2687 attulerit,
2183 2608 2344 2674 ale:
2401 2608 2514 2672 καὶ
2563 2605 2761 2672 τοῦτο

556 2706 599 2793 ἢ
643 2714 751 2778 ἐπὶ
792 2711 957 2789 κτλ,
1016 2707 1166 2774 inde
1217 2709 1626 2794 perturbatus
1668 2721 1768 2776 est
1809 2714 1865 2776 is
1911 2710 2272 2798 exponendi
2320 2709 2516 2789 ordo,
2572 2712 2681 2795 qui
2725 2730 2762 2772 a

554 2819 871 2903 principio
900 2813 1159 2880 videtur
1185 2818 1512 2879 institutus
1544 2835 1703 2880 esse.
1758 2814 2008 2879 Dividit
2035 2822 2247 2880 autem
2275 2816 2523 2880 numeri
2553 2812 2762 2897 ἀσυμ-

556 2914 807 3004 βλήτου
849 2929 1136 2983 naturam
1168 2919 1276 2984 Ar.
1321 2918 1443 2982 hac
1476 2919 1749 2983 ratione.
1824 2918 2349 2986 inconsoci'abilis
2387 2918 2614 3005 aliquis
2649 2938 2765 2983 nu-

557 3045 766 3090 merus
812 3042 953 3087 esse
997 3031 1107 3086 aut
1148 3024 1235 3086 ita
1281 3030 1499 3107 potest
1544 3025 1829 3110 cogitari,
1872 3033 1945 3089 ut
1977 3024 2269 3112 singulae
2304 3044 2592 3110 quaeque
2626 3024 2764 3087 uni·

556 3137 720 3212 tates
763 3124 1160 3215 singulorum
1198 3147 1603 3193 numerorum
1640 3127 1939 3213 qualitate
1977 3132 2147 3194 inter
2178 3149 2249 3193 se
2285 3127 2575 3193 diversae
2614 3146 2766 3192 con·

557 3235 1467 3318 sociationemfaspernentur,
1506 3232 1874 3312 als—20,
1934 3243 2045 3297 aut
2085 3235 2202 3312 ita,
2244 3242 2316 3298 ut
2364 3229 2763 3320 singulorum

557 3356 965 3403 numerorum
1013 3338 1285 3402 unitates
1330 3338 1499 3401 inter
1543 3357 1614 3401 se
1658 3339 1789 3401 sint
1829 3339 2044 3423 specie
2080 3358 2267 3422 pares
2301 3338 2578 3423 ideoque
2614 3357 2765 3401 con-

558 3438 917 3518 sociabile8‚
958 3438 1074 3504 sed
1119 3437 1408 3506 diversae
1454 3440 1535 3505 ab
1581 3440 1929 3506 unitatibus
1977 3440 2135 3505 alius
2182 3443 2485 3527 cuiusque
2517 3442 2763 3506 numeri

560 3553 641 3622 et,
687 3546 744 3609 si
775 3564 918 3608 cum
952 3544 1030 3608 iis
1063 3553 1519 3629 comparentur,
1564 3543 2116 3624 inconsociabiles,
2152 3546 2510 3612 ‹123—25.
2576 3545 2764 3610 Utra-

560 3669 685 3735 que
727 3649 911 3725 ratio,
955 3668 1079 3732 qua
1124 3649 1373 3712 numeri
1417 3651 1686 3736 cogitari
1728 3659 2000 3735 possunt
2042 3669 2184 3714 esse
2217 3648 2764 3737 incomputabiles,

559 3756 796 3840 pariter
851 3754 1205 3840 opponitur
1259 3774 1526 3818 numero
1583 3754 2055 3832 mathematico,
2112 3764 2186 3820 ut
2234 3757 2303 3819 in
2346 3775 2474 3842 quo
2519 3752 2765 3820 nullum

559 3860 918 3922 inveniatur
959 3859 1268 3922 unitatum
1317 3856 1685 3937 discrimen,
1728 3860 2081 3938 azo—23,
2127 3859 2206 3923 cf.
2247 3860 2554 3925 30—33.
2644 3858 2768 3922 lta-

561 3983 686 4048 que
730 3983 850 4047 per
892 3959 1208 4048 duplicem
1253 3960 1736 4041 dichotomiam,
1793 3962 2053 4030 alteram
2099 3983 2510 4028 numerorum
2554 3957 2767 4044 ἀσυμ-

560 4061 824 4151 βλήτων
870 4075 936 4131 et
979 4066 1386 4150 συμβλητῶν,
1433 4065 1693 4132 alteram
1730 4069 2014 4153 ipsorum
2051 4069 2220 4132 inter
2254 4088 2324 4131 se
2357 4084 2765 4132 numerorum

561 4165 1017 4254 ἀσυμβλήτων,
1051 4168 1131 4234 ad
1168 4172 1288 4236 tria
1322 4174 1615 4256 pervenit
1647 4191 2049 4238 numerorum
2080 4192 2337 4259 genera,
2372 4169 2508 4235 duo
2538 4172 2766 4233 incon-

561 4272 977 4353 sociabilium,
1021 4276 1271 4338 tertium
1318 4274 1870 4351 consociabilium3
1916 4273 2033 4341 sed
2069 4276 2533 4363 grammaticam
2569 4292 2769 4338 enun-

561 4381 870 4448 ciatorum
914 4378 1486 4446 conformationem
1530 4377 1655 4459 (de
1694 4401 1818 4465 qua
1863 4378 1941 4444 cf.
1980 4377 2142 4448 Obs.
2177 4403 2241 4465 p.
2263 4379 2394 4460 21)
2437 4375 2769 4464 perturba-
