3043 4973
530 251 674 326 318
1368 253 1444 321 Z
1483 248 1555 321 6.
1639 246 1904 321 10316.

533 438 597 494 et
641 429 851 492 omnia
896 424 1180 492 seiuncta
1230 448 1369 491 esse
1416 434 1636 490 censet
1679 446 1811 490 non
1853 422 2047 489 modo
2094 423 2173 489 ab
2213 425 2288 487 iis
2328 423 2538 503 rebus,
2587 445 2734 510 qua-

527 554 664 598 rum
723 534 1092 598 contineant
1146 533 1477 595 notionem
1541 539 1604 595 et
1659 539 1975 606 naturam,
2034 528 2150 593 sed
2209 531 2395 593 etiam
2450 529 2529 593 ab
2580 531 2735 593 exsi-

528 639 776 702 stentia.
1513 622 1518 627 ’

658 743 844 803 Hanc
886 740 1434 803 ratiocinationem
1480 740 1569 803 ita
1613 742 2016 825 persequitur
2059 749 2130 803 ut
2175 737 2256 802 ab
2301 738 2583 803 idearum
2623 737 2736 823 hy-

527 844 781 932 pothesi
824 842 1282 929 proficiscatur,
1329 843 1447 906 hae
1495 845 1659 907 enim
1706 843 2000 930 profecto
2048 854 2377 928 ponuntur
2420 853 2734 928 tamquam

526 959 795 1012 naturae
863 945 1171 1032 quaedam
1240 956 1304 1010 et
1364 946 1755 1011 substantiae
1817 969 1980 1033 quae
2041 968 2160 1033 per
2216 968 2286 1010 se
2344 950 2469 1011 sint
2524 966 2736 1032 neque

528 1051 784 1117 aliunde
818 1050 1144 1138 pendeant
1183 1053 1550 1126 a29-31;
1598 1051 1889 1116 confecta
1936 1061 2143 1117 autem
2185 1052 2734 1139 argumentatione

527 1166 762 1234 monet,
820 1157 954 1220 eius
998 1158 1126 1219 vim
1170 1178 1247 1219 ac
1286 1157 1615 1219 veritatem
1661 1177 1795 1220 non
1843 1176 1982 1221 esse
2026 1155 2177 1221 inde
2222 1175 2620 1241 suspensam,
2664 1163 2737 1218 ut

526 1259 712 1325 ideae
756 1270 1091 1346 ponantur,
1137 1258 1253 1323 sed
1297 1269 1367 1322 ut
1405 1261 1669 1323 omnino
1707 1271 1988 1346 ponatur
2025 1260 2362 1347 quidpiam,
2409 1256 2582 1344 quod
2616 1278 2735 1344 per
2770 1330 2775 1337 .

528 1386 598 1429 se
645 1385 784 1429 esse
824 1364 1068 1428 dicatur
1102 1384 1311 1448 neque
1345 1363 1784 1428 tantummodo
1821 1364 2086 1429 relatum
2124 1363 2203 1428 ad
2242 1362 2432 1442 aliud,
2479 1356 2608 1427 ὅσα
2641 1352 2734 1445 μὴ

525 1466 669 1534 κατ’
709 1462 872 1533 ἄλλο
918 1470 1172 1551 λέγεται
1214 1469 1347 1532 κτλ.
1391 1469 1538 1531 ῠ13.
1629 1466 1759 1531 Sed
1806 1473 2123 1553 quoniam,
2176 1479 2247 1533 ut
2301 1478 2396 1533 est
2441 1466 2519 1530 ab
2565 1465 2734 1530 idea·

524 1596 665 1640 rum
712 1572 1057 1659 hypothesi
1099 1572 1452 1658 profectuS,
1513 1592 1789 1636 errorem
1848 1575 1914 1637 in
1962 1573 2249 1637 doctrina
2296 1571 2584 1636 Platonis
2629 1568 2736 1633 de-

525 1679 917 1756 monstravit,
962 1678 1357 1763 seiungentis
1401 1678 1692 1740 nimirum
1738 1675 1913 1740 ideas
1953 1700 1987 1740 a
2025 1676 2235 1754 rebuS,
2281 1673 2453 1742 aliud
2498 1676 2735 1750 vitium,

525 1786 592 1847 in
639 1779 813 1867 quod
858 1802 975 1865 per
1019 1780 1285 1845 eandem
1331 1778 1411 1842 de
1456 1779 1617 1843 ideis
1663 1779 2011 1844 doctrinam
2055 1780 2241 1844 Plato
2287 1784 2584 1857 incurrat,
2629 1777 2736 1842 ad-

524 1888 733 1974 iungit
774 1886 929 1948 1215:
991 1878 1131 1968 ἅμα
1184 1885 1256 1949 δὲ
1316 1885 1518 1963 δῆλον
1567 1921 1647 1934 —
1699 1885 1783 1949 18
1834 1878 2004 1948 κατὰ
2061 1881 2353 1970 μέθεξιν.
2445 1883 2636 1948 Ideae
2680 1884 2734 1945 si

525 2001 673 2055 sunt
716 1988 1140 2068 substantiae,
1198 1986 1581 2059 substratum
1638 1987 1797 2053 illud
1856 1991 1922 2051 in
1982 2009 2110 2073 quo
2164 1995 2509 2052 cernuntur
2550 1986 2735 2051 ideae

529 2133 609 2146 —
652 2102 997 2158 cernuntur
1041 2102 1248 2157 autem
1286 2095 1354 2155 in
1388 2091 1579 2157 rebus
1618 2092 2023 2157 sensibilibus
2056 2088 2136 2143 -’-
2169 2114 2303 2156 non
2340 2100 2558 2177 potest
2597 2112 2735 2154 esse

524 2198 909 2271 substantia3
954 2218 1099 2260 nam
1145 2198 1441 2280 quoniam
1488 2195 1555 2260 id
1594 2195 1767 2281 quod
1806 2195 2206 2282 praedicatur
2246 2194 2325 2259 de
2366 2194 2580 2281 aliquo
2623 2199 2737 2272 (ac

524 2301 975 2390 praedicantur
1032 2299 1284 2387 quidem
1341 2299 1525 2364 ideae
1584 2298 1663 2364 de
1716 2301 1906 2365 rebus
1952 2297 2409 2382 sensibilibus)
2453 2311 2574 2364 est
2618 2320 2738 2385 per

522 2408 1075 2494 participationem
1136 2406 1272 2468 eius
1329 2402 1411 2467 de
1471 2424 1598 2490 quo
1653 2404 2081 2491 praedicatur,
2137 2404 2290 2469 inde
2335 2425 2735 2490 consequens

526 2521 709 2589 esset,
755 2520 827 2576 ut
868 2510 1058 2575 ideae
1103 2518 1317 2572 essent
1349 2530 1468 2594 per
1504 2511 2051 2595 participationem
2092 2532 2299 2574 rerum
2340 2508 2734 2573 sensibilium

522 2637 733 2702 neque
777 2617 959 2700 ipsae
1003 2634 1119 2698 per
1162 2634 1251 2676 se.
1345 2615 1429 2677 At
1474 2634 1666 2698 quum
1713 2614 1896 2679 Plato
1954 2614 2144 2679 rebus
2190 2612 2593 2678 sensibilibus
2640 2634 2737 2677 es-

468 2757 471 2760 *
523 2722 790 2784 sentiam
836 2718 1117 2782 tribuere
1161 2738 1298 2781 non
1341 2716 1657 2782 induxerit
1701 2722 2002 2798 animum,
2060 2717 2439 2783 Aristoteles
2496 2721 2565 2783 in
2615 2719 2736 2781 hac

526 2823 1071 2886 demonstratione
1102 2820 1472 2886 Platonicae
1504 2820 1835 2888 doctrinae
1871 2823 2204 2888 manifesto
2237 2845 2349 2887 sua
2380 2825 2579 2909 ipsius
2623 2825 2736 2886 im-

523 2928 774 2990 miscuit
818 2924 1067 3011 placita,
1113 2925 1191 2989 cf.
1239 2923 1320 2988 ad
1365 2926 1437 2988 A
1482 2927 1543 2988 6.
1590 2927 1753 2991 987⁶
1796 2929 1897 2991 14.

654 3030 770 3094 His
815 3032 1012 3117 igitur
1057 3051 1134 3093 ex
1176 3031 1380 3093 causis
1423 3028 1590 3092 idem
1637 3051 1756 3114 per
1794 3050 1864 3094 se
1904 3040 2053 3095 sunt
2092 3031 2482 3095 substantiae
2520 3032 2736 3118 singu-

522 3132 627 3198 lae
668 3154 1006 3219 earumque
1042 3125 1128 3196 τοὶ
1172 3156 1301 3212 τηε,
1340 3134 1696 3209 &IS—203
1743 3135 1987 3200 accedit
2032 3134 2206 3220 quod
2248 3133 2500 3222 singula
2546 3155 2735 3220 quae-

523 3248 836 3325 queaetum
894 3237 1186 3303 videmur
1238 3240 1429 3316 scire,
1488 3259 1677 3322 quum
1738 3238 1889 3323 quid
1940 3242 2022 3303 sit
2067 3260 2285 3303 eorum
2330 3241 2394 3303 τί
2438 3228 2522 3319 ἦν
2567 3233 2735 3303 εἶναι

524 3346 942 3429 cognovimus
988 3344 1107 3427 (cf.
1154 3342 1221 3406 B
1266 3344 1325 3407 3.
1371 3343 1535 3407 998⁶
1576 3344 1644 3407 7:
1703 3347 1758 3406 εὶ
1814 3343 1950 3407 ἔστι
2006 3336 2125 3422 τὴν
2182 3347 2313 3407 τῶν
2358 3337 2568 3407 ὄντων
2611 3343 2732 3406 λα-

520 3445 669 3529 βεῖν
725 3441 1088 3532 ἐπιστήμην
1143 3443 1220 3510 τὸ
1278 3448 1408 3511 τῶν
1466 3447 1654 3511 εἰδῶν
1710 3447 1942 3531 λαβεῖν
1997 3442 2164 3511 καθ’
2209 3439 2255 3509 ὁὶ
2304 3447 2605 3529 λέγονται
2647 3438 2732 3509 τὰ

525 3542 748 3630 ὄντα),
794 3545 985 3628 ὥστε,
1033 3555 1120 3615 ait
1158 3552 1302 3627 1121,
1349 3543 1518 3614 κατὰ
1565 3543 1687 3630 τὴν
1734 3552 2080 3616 ἔκθεσιν
2125 3545 2378 3634 ἀνάγκη
2426 3553 2494 3615 ἕν
2536 3573 2600 3613 τι
2645 3545 2732 3612 εἶ-

522 3675 635 3717 ναι
680 3647 901 3743 ἄμφω.
974 3652 1334 3719 Alexander
1363 3677 1425 3739 p.
1459 3656 1604 3733 451,
1636 3657 1722 3719 12
1768 3655 2034 3720 ἔκθεσιν
2079 3654 2246 3718 idem
2294 3674 2433 3718 esse
2470 3652 2608 3717 vult
2644 3662 2733 3715 at-

524 3780 649 3842 que
693 3753 1070 3842 ὲπαγωγήν,
1128 3758 1243 3823 sed
1288 3778 1495 3844 neque
1543 3758 1694 3823 alibi
1738 3757 1903 3846 apud
1953 3758 2388 3838 Aristotelem,
2432 3766 2731 3844 quantum
2788 3828 2793 3834 ,

522 3864 794 3940 memini,
840 3863 960 3925 hac
1003 3865 1272 3927 notione
1320 3863 1582 3939 ἕκθεσις
1624 3863 1868 3951 legitur,
1913 3885 2123 3950 neque
2161 3885 2320 3928 vero
2357 3862 2730 3927 indu-ctione

523 3964 603 4029 ad
660 3966 825 4029 hanc
880 3988 1011 4031 rem
1072 3965 1631 4054 demonstrandam
1678 3968 1784 4031 Ar.
1847 3988 1998 4032 usus
2059 3977 2172 4032 est.
2263 3967 2541 4032 Dubiam
2591 3987 2732 4030 esse

522 4070 581 4134 h.
614 4068 655 4132 l.
703 4071 975 4134 nominis
1022 4072 1284 4149 ἔκθεσις
1326 4075 1451 4137 vim
1495 4081 1559 4135 et
1599 4070 1961 4158 discrepare
1997 4072 2201 4137 videri
2242 4095 2277 4136 a
2313 4070 2563 4160 vulgari
2596 4071 2732 4135 Ari·

521 4173 767 4238 stotelis
815 4196 932 4239 usu
979 4174 1102 4255 (de
1148 4197 1275 4262 quo
1323 4177 1401 4241 ef.
1449 4175 1532 4240 ad
1568 4176 1641 4240 A
1670 4179 1730 4241 9.
1771 4178 1934 4241 992⁶
1969 4178 2111 4257 lo),
2157 4198 2291 4241 non
2337 4175 2595 4253 infitior,
2642 4186 2733 4240 ta-

523 4299 670 4343 men
716 4278 881 4343 haud
930 4281 1064 4344 scio
1110 4301 1192 4343 an
1239 4303 1378 4344 cum
1427 4301 1506 4343 eo
1552 4284 1759 4366 possit
1804 4280 2147 4345 conciliari.
2241 4283 2490 4345 Etenim
2537 4280 2731 4344 ἐκθέ-

522 4382 698 4447 σθαι
744 4393 840 4447 est
885 4370 1122 4469 aliquid
1168 4386 1256 4449 ita
1295 4405 1586 4491 exserere
1627 4395 1692 4448 et
1728 4405 1991 4471 ponere,
2036 4394 2110 4450 nt
2147 4387 2410 4450 seorsim
2447 4383 2552 4448 vel
2591 4404 2731 4448 esse
