3043 4973
519 226 621 303 82
1367 230 1444 300 Α
1493 226 1563 301 5.
1638 226 1785 303 986
1798 251 1868 301 a.

517 415 671 493 gata
701 404 1173 490 acquiescimus,
1202 402 1510 492 singulari
1541 425 1805 470 numero
1832 399 2003 469 κατὰ
2025 403 2405 488 συστοιχίαν
2431 425 2507 468 ea
2530 402 2731 470 modo

520 512 716 587 ratio,
773 528 937 592 quae
993 515 1088 570 est
1132 508 1302 571 inter
1346 517 1655 595 cognatas
1696 510 2015 587 notiones,
2059 507 2405 596 significari
2448 507 2735 602 putanda

520 622 632 690 est,
677 633 800 675 nec
845 630 1003 675 vero
1046 609 1232 676 simul
1277 630 1369 688 ea,
1415 633 1579 697 quae
1625 622 1723 677 est
1762 614 1930 678 inter
1976 616 2323 699 oppositas.
2392 610 2498 678 Cf.
2531 613 2736 676 Tren-

522 713 886 800 delenburg
930 715 1161 801 Kateg.
1210 737 1274 800 Ρ.
1304 715 1411 780 28.

650 821 819 884 986⁶
841 819 930 883 29
963 815 1434 901 Ἀλκμαίων.
1494 817 1600 885 Cf.
1635 817 2028 908 Trendelbg.
2058 819 2140 885 de
2169 841 2271 885 an.
2302 843 2363 906 Ρ.
2393 819 2545 886 239.
2591 820 2739 946 Kri-

520 923 672 988 sche
718 922 979 987 Forsch.
1026 922 1074 987 1.
1121 944 1184 1007 Ρ.
1218 922 1323 987 69.

655 1028 824 1091 986α
849 1027 936 1093 34
980 1029 1189 1111 μέγα
1228 1018 1524 1110 μικρόν
1566 1046 1643 1089 ex
1680 1046 1813 1091 uno
1852 1024 2018 1090 libro
2048 1026 2138 1090 Ab
2170 1029 2401 1114 recepi,
2445 1048 2569 1113 pro
2603 1024 2741 1091 vul-

525 1140 681 1219 gato
726 1123 961 1214 μικρὸν
1003 1133 1190 1215 μέγα,
1235 1132 1380 1215 quia
1426 1149 1562 1193 non
1592 1132 1730 1193 sine
1760 1132 1989 1194 nimiae
2018 1130 2449 1218 negligentiae
2479 1132 2741 1197 crimine

530 1231 911 1299 Aristoteles
955 1231 1212 1297 videtur
1255 1231 1559 1298 recedere
1603 1236 1892 1319 potuisse
1934 1233 2015 1297 ab
2063 1234 2290 1299 ordine
2333 1243 2520 1300 antea
2564 1231 2743 1300 i'nsti·

528 1347 691 1415 tuto,
735 1346 805 1403 ut
851 1335 1185 1401 antecedat
1228 1338 1653 1422 praestantius
1698 1339 1835 1401 sive
1880 1332 1957 1401 τὸ
2001 1333 2376 1427 καταφάσει
2420 1334 2742 1422 δηλούμε-

525 1463 665 1519 νον,
703 1450 1133 1526 postponatur
1173 1438 1452 1504 deterius
1477 1442 1611 1503 sive
1633 1436 1712 1504 τὸ
1736 1435 2077 1529 ἀποφάσει
2098 1437 2522 1526 δηλούμενον.
2574 1443 2745 1507 Ean-

531 1545 676 1610 dem
720 1542 1228 1608 emendationem
1260 1542 1739 1608 ·commendavit
1774 1544 2046 1608 Krische
2078 1546 2340 1609 Forsch.
2376 1545 2426 1609 1.
2461 1569 2526 1632 Ρ.
2557 1548 2664 1612 69.

658 1649 886 1714 986111
934 1640 1156 1731 παρὰ
1201 1647 1343 1730 μὲν
1389 1637 1656 1713 cdv-—
1705 1648 1748 1712 8
1791 1641 1939 1726 τὴν
1977 1644 2287 1714 οὐσίαν.
2363 1642 2547 1732 παρὰ
2582 1642 2742 1714 τού-

527 1774 661 1819 των
715 1749 1005 1840 ἀμφοῖν,
1061 1748 1513 1816 Alcmaeonem
1572 1749 1724 1815 dicit
1768 1761 1834 1815 et
1878 1771 1991 1815 eos
2039 1772 2076 1815 e
2119 1752 2574 1840 Pythagoreis,
2633 1753 2743 1837 qui

529 1854 749 1920 decem
807 1855 1271 1920 contrariorum
1333 1856 1509 1940 paria
1568 1863 1934 1940 posuerant.
2023 1855 2297 1941 Utrique
2350 1859 2416 1920 in
2463 1876 2545 1920 eo
2590 1876 2745 1922 con-

529 1962 828 2036 sentiunt,
875 1954 1051 2043 quod
1095 1959 1415 2021 contraria
1460 1968 1714 2043 ponunt
1753 1960 1821 2021 in
1863 1961 2211 2045 principiiS,
2256 1958 2640 2025 dissentiunt
2671 1962 2743 2024 in

530 2083 796 2127 numero
859 2082 1078 2126 eorum
1136 2059 1528 2125 definiendo.
1621 2060 1808 2144 Quae
1865 2061 2100 2127 deinde
2152 2062 2304 2127 dicit
2360 2062 2742 2128 Aristoteles

530 2166 669 2240 πῶς
702 2167 926 2248 μέντοι
957 2164 1113 2241 xri„
1151 2186 1225 2228 ea
1258 2175 1323 2229 et
1353 2162 1529 2228 Alex.
1562 2187 1623 2249 p.
1657 2166 1762 2243 32,
1794 2166 1864 2230 8:
1908 2173 2328 2252 προσιστορεῖ
2370 2167 2439 2232 δὲ
2482 2168 2594 2231 καὶ
2640 2160 2745 2231 ὅτι

532 2260 746 2354 ἀρχὴν
789 2270 901 2333 καὶ
945 2259 1159 2334 αἴτιον
1201 2260 1346 2332 τὸν
1391 2261 1765 2354 ἀριθμὸν
1810 2270 2033 2352 ἔλεγον
2077 2266 2164 2346 ὡς
2205 2268 2370 2349 ὕλην
2422 2280 2486 2335 et
2530 2268 2747 2334 Zeller

531 2393 630 2461 gr.
658 2371 821 2435 Phil.
863 2372 912 2438 1.
956 2395 1017 2458 p.
1048 2373 1154 2449 99,
1194 2373 1236 2436 3
1282 2370 1362 2435 ad
1409 2371 1898 2459 Pythagor-icam
1943 2370 2025 2436 de
2068 2377 2345 2438 numeris
2390 2373 2745 2465 doctrinam

530 2474 836 2555 referunt,
882 2485 953 2542 ut
986 2497 1285 2541 numeros
1313 2474 1709 2563 Pythagorei
1756 2476 2077 2543 materiale
2116 2499 2327 2544 rerum
2366 2480 2744 2565 principium

531 2581 826 2667 posuisse
861 2579 1182 2657 dicantur3
1227 2579 1345 2644 sed
1386 2600 1622 2644 vereor
1666 2589 1737 2645 ut
1779 2589 1954 2645 recte
1997 2581 2157 2647 baec
2198 2582 2394 2647 verba
2431 2585 2747 2668 interpre-

532 2686 650 2749 tati
691 2686 837 2749 sint.
906 2685 1170 2750 Numeri
1203 2685 1370 2748 enim
1401 2683 1953 2770 Pythagoreorum
1997 2683 2080 2750 ad
2126 2686 2301 2770 quod
2340 2708 2546 2774 genus
2574 2689 2749 2773 prin·

534 2790 844 2873 cipiorum
901 2786 1224 2852 referendi
1279 2796 1521 2866 essent,
1579 2789 1705 2853 iam
1748 2797 1934 2852 antea
1980 2792 2300 2874 exposuit,
2354 2812 2477 2855 nec
2516 2792 2745 2877 potuit,

536 2913 728 2976 quum
785 2902 972 2955 antea
1023 2888 1409 2955 materialem
1457 2909 1677 2955 eorum
1724 2900 2007 2957 naturam
2052 2893 2388 2959 manifesto
2436 2915 2748 2981 apparere

537 2993 814 3072 dixisset,
856 2995 1217 3081 φαίνονται
1259 3028 1346 3043 —-—
1389 2992 1768 3077 νομίζοντες
1809 2995 1944 3061 κτλ.
1982 2996 2137 3074 «215,
2178 2999 2301 3062 iam
2345 3000 2562 3084 paucis
2606 3018 2751 3062 ver-

536 3097 636 3162 bis
679 3099 1027 3163 interiectis
1070 3095 1339 3161 eandem
1386 3099 1450 3161 in
1497 3095 1698 3161 dubio
1742 3097 2123 3183 relinquere,
2168 3101 2402 3189 σαφῶς·
2441 3097 2522 3166 οὐ
2563 3093 2752 3185 datin*-

535 3202 821 3289 θρωται,
864 3203 1118 3267 ἐοίκασι
1151 3204 1255 3267 ῠῦ.
1321 3201 1375 3265 Ii
1418 3211 1630 3265 autem
1676 3222 1713 3265 e
1741 3202 2186 3289 PythagoreiS,
2233 3206 2339 3290 qui
2385 3203 2598 3289 plures
2630 3224 2751 3290 po-

537 3318 805 3371 suerunt
845 3300 1281 3384 ἐναντιώσεις,
1337 3308 1640 3391 quoniam
1682 3303 1935 3390 quidem
1982 3327 2095 3370 eos
2141 3329 2178 3371 a
2222 3306 2484 3393 reliquis
2528 3306 2753 3373 distin-

536 3411 657 3487 xit,
710 3430 833 3473 nec
886 3407 1044 3473 dixit
1088 3420 1274 3474 antea
1322 3420 1388 3474 et
1431 3407 1710 3473 debebat
1755 3408 1996 3487 dicere,
2055 3409 2208 3496 quid
2253 3409 2620 3477 viderentur
2663 3410 2752 3477 ad

536 3532 868 3576 causarum
899 3515 1454 3600 investigationem
1492 3512 1755 3590 afferre3
1800 3514 2025 3578 horum
2068 3517 2266 3602 igitur
2308 3517 2614 3601 principia
2654 3513 2758 3581 di-

537 3635 688 3679 cere
730 3613 986 3679 videtur
1026 3608 1147 3692 τὰς
1190 3620 1535 3703 εἰρημένας
1578 3619 1813 3693 αἰτίας.
1904 3618 2175 3689 Accedit
2230 3617 2311 3684 ad
2371 3618 2756 3685 confirman-

540 3718 686 3784 dam
740 3718 908 3783 hanc
963 3718 1446 3805 explicationem
1505 3719 1684 3806 quod
1739 3742 1874 3785 non
1930 3742 2033 3785 res
2087 3719 2196 3787 vel
2246 3725 2418 3786 entia
2460 3721 2566 3786 vel
2609 3724 2757 3788 uni-

537 3843 792 3887 versum
848 3822 1150 3888 mundum
1209 3845 1285 3888 ex
1340 3822 1468 3888 illis
1525 3827 1856 3911 principiis
1901 3828 2254 3910 composita
2299 3825 2478 3905 dicit,
2537 3825 2752 3913 qualia

536 3924 711 3993 solet
756 3925 968 3992 dicere
1013 3927 1096 3992 de
1141 3948 1546 3992 numerorum
1594 3927 1912 4008 doctrina,
1964 3928 2079 3994 sed
2126 3929 2567 4010 substantiam,
2623 3923 2757 4010 τὴν

540 4025 797 4108 οὐσίαν,
840 4033 946 4095 cui
985 4033 1193 4098 insint
1228 4033 1514 4096 nimirum
1562 4030 1800 4097 alterae
1844 4043 2022 4099 utrae
2068 4053 2145 4098 ex
2187 4033 2314 4101 illis
2356 4033 2755 4115 notionibus,

533 4148 699 4219 quas
723 4135 792 4197 in
822 4137 1135 4224 oppositis
1167 4134 1498 4200 ordinibus
1529 4135 2027 4202 collocaverunt.
2053 4175 2142 4193 --
2171 4140 2258 4204 125
2289 4141 2571 4226 σαφῶς
2600 4140 2757 4223 μὲν

536 4230 650 4301 οὐ.
708 4237 815 4301 De
838 4234 1150 4328 ἀσαφείᾳ
1182 4248 1463 4303 veterum
1500 4240 2032 4328 philosophorum
2067 4241 2145 4306 cf.
2178 4242 2262 4307 ad
2291 4245 2351 4308 4.
2381 4243 2552 4309 985⁶
2575 4243 2638 4307 4.
2662 4279 2754 4295 ·-—

532 4332 1076 4431 ἶσήρθρωται.
1143 4341 1521 4430 διαρθροῦν
1567 4355 1665 4410 est
1706 4366 1838 4411 rem
1878 4345 2151 4432 aliquam
2191 4348 2371 4434 quasi
2403 4368 2521 4434 per
2558 4368 2757 4413 mem·
