3043 4973
542 184 690 259 252
1346 186 1414 257 A
1471 183 1582 255 12.
1666 183 1940 256 1o19a.

546 382 795 447 cunque
838 363 1052 446 priora
1098 369 1162 424 et
1203 362 1565 446 posteriora
1610 381 1749 424 esse
1791 359 2121 434 dicuntum
2169 357 2466 424 facillime
2494 379 2653 423 vero
2683 363 2757 422 et

546 467 865 550 aptissime
910 476 977 528 et
1020 485 1181 549 quae
1227 486 1341 549 per
1383 468 1646 550 primam
1694 473 1757 527 et
1800 483 1964 549 quae
1999 485 2116 548 per
2157 460 2497 527 secundam
2539 464 2756 526 notio-

545 589 688 632 nem
720 568 842 633 τοῦ
872 570 1196 651 προτέρου
1228 567 1583 654 significata
1619 577 1768 631 sunt
1801 565 1883 631 ad
1914 588 2048 631 eam
2080 566 2409 653 redegeris
2438 565 2559 629 τοῦ
2587 586 2755 648 προ·

543 674 734 752 τέρου
776 672 1109 734 notionem
1154 669 1605 747 universalem,
1660 680 1731 733 ut
1773 673 1990 756 priora
2037 669 2329 734 dicantur
2373 688 2539 746 esse,
2588 687 2756 752 quae

545 783 617 837 ut
668 776 803 836 sint
851 793 985 836 non
1043 776 1372 857 requirunt
1427 772 1548 837 alia
1610 772 1723 838 sed
1781 777 1919 860 ipsa
1973 776 2384 859 requiruntur
2438 770 2518 834 ab
2579 769 2753 846 aliis3

546 878 729 939 tertia
766 887 975 939 autem
1012 874 1416 963 significatio,
1462 880 1609 961 quia
1658 885 1755 941 est
1797 872 1874 941 τὸ
1919 871 2092 941 κατὰ
2135 869 2550 960 συμβεβηκὸς
2588 868 2758 959 πρό-

545 1001 765 1064 τερον,
810 982 878 1042 in
923 1000 1178 1043 censum
1227 982 1487 1043 omnino
1534 1000 1672 1043 non
1712 983 1907 1045 venit.
1996 981 2140 1046 Hoc
2185 991 2393 1044 autem
2436 977 2634 1042 modo
2681 986 2758 1041 ut

548 1080 860 1166 explicare
903 1081 1095 1145 liceat
1135 1083 1329 1147 verba
1372 1077 1544 1148 κατὰ
1593 1085 1819 1160 ταῦτα,
1871 1103 2006 1147 non
2053 1104 2217 1169 opus
2265 1093 2363 1148 est
2407 1083 2760 1167 transposi-

549 1187 723 1249 tione
767 1185 1110 1250 verborum
1155 1208 1191 1249 a
1237 1186 1648 1273 Schweglero
1682 1187 1776 1251 'ad
1821 1186 1883 1251 h.
1921 1186 1963 1250 l.
2009 1190 2362 1273 proposita,
2410 1184 2756 1250 admodum

545 1287 656 1352 illa
702 1288 982 1373 quidem,
1027 1293 1080 1354 si
1125 1311 1258 1355 rem
1304 1288 1672 1378 diligentius
1718 1289 2160 1376 perpenderis,
2205 1288 2639 1376 improbabili,
2685 1297 2759 1353 ut

548 1400 819 1457 extrema
877 1396 1098 1479 capitis
1157 1394 1353 1458 verba
1410 1387 1658 1480 τρόπον
1717 1387 1800 1471 δή
1845 1414 1996 1458 τινα
2038 1431 2123 1443 -
2168 1383 2385 1459 τᾶλλα
2430 1402 2759 1480 ponantur

545 1506 698 1581 post
740 1498 831 1561 a4
878 1492 1190 1562 Πλάτων.
1280 1498 1592 1561 Nimirum
1651 1506 1910 1583 quartus
1962 1492 2209 1583 τρόπος
2264 1500 2385 1563 τοῦ
2431 1498 2758 1582 προτέρου

544 1599 642 1663 his
687 1598 1063 1666 describitur
1103 1601 1315 1665 verbis
1331 1627 1355 1664 ι·
1391 1595 1521 1666 ὅσα
1567 1601 1892 1683 ἐνδέχεται
1936 1594 2093 1665 ἄνευ
2136 1595 2373 1678 ἄλλων,
2426 1604 2641 1665 ἐκεῖνα
2685 1598 2757 1663 δὲ

544 1697 704 1767 ἄνευ
735 1704 993 1769 ἐκείνων
1026 1699 1138 1786 μή,
1185 1726 1369 1790 quem
1409 1712 1618 1768 autem
1650 1701 2011 1767 Alexander
2040 1701 2193 1766 dicit
2224 1699 2476 1790 τρόπον
2503 1702 2624 1768 τοῦ
2653 1702 2759 1766 δυ-

544 1801 738 1889 νάμει
772 1809 885 1871 καὶ
921 1809 1228 1892 ἐνεργείᾳ,
1273 1829 1415 1871 eum
1457 1828 1593 1871 non
1631 1827 1770 1870 esse
1806 1827 2045 1870 novum
2082 1801 2350 1891 τρόπον,
2397 1805 2512 1870 sed
2554 1827 2758 1870 exem-

544 1909 719 1996 plum
758 1909 959 1974 modo
994 1909 1102 1974 vel
1140 1914 1416 1996 speciem
1458 1910 1769 1996 quandam
1809 1909 1978 1974 illius
2015 1905 2281 1996 τρόπου,
2322 1931 2395 1973 ex
2432 1911 2588 1994 ipsis
2621 1909 2760 1972 Ari-

546 2012 796 2077 stotelis
841 2013 1053 2077 verbis
1097 2014 1434 2077 manifesto
1481 2024 1768 2099 apparet.
1857 2015 2077 2098 Itaque
2122 2035 2312 2097 quum
2357 2012 2538 2076 dicit:
2584 2006 2762 2077 κατὰ

545 2118 759 2180 ταῦτα
818 2116 1103 2198 λέγεται,
1160 2121 1477 2203 respicere
1534 2117 1856 2201 putandus
1916 2127 2012 2181 est
2061 2137 2193 2179 non
2240 2115 2318 2181 ad
2366 2116 2757 2203 singularem

546 2220 713 2283 hanc
753 2222 1029 2304 speciem
1075 2229 1335 2305 quartae
1380 2224 1680 2297 notioniS,
1725 2219 1841 2284 sed
1888 2223 2182 2285 universe
2229 2221 2309 2285 ad
2353 2224 2554 2306 ipsam
2590 2220 2760 2284 hanc

547 2326 908 2397 notionem3
953 2320 1020 2385 id
1051 2322 1226 2406 quod
1255 2323 1497 2408 liquido
1532 2322 1682 2387 inde
1729 2334 1990 2408 apparet
2034 2324 2207 2409 quod
2252 2317 2411 2388 ἄνευ
2452 2326 2584 2388 τῶν
2619 2327 2759 2387 ἑτέ-

544 2449 682 2514 ρων
726 2424 894 2492 εἶναι
930 2429 1062 2492 ‹113
1108 2426 1176 2493 id
1222 2437 1318 2492 est
1358 2431 1629 2516 signum,
1671 2426 1844 2492 unde
1891 2430 2065 2514 prius
2112 2426 2430 2513 quidpiam
2473 2448 2615 2492 esse
2652 2447 2760 2491 co-

494 2517 505 2520 ·
544 2540 913 2618 gnoscatur.
983 2531 1221 2611 Veluti,
1261 2534 1364 2609 ait,
1404 2542 1606 2618 totum
1638 2540 1818 2615 parte
1849 2530 2079 2596 dicitur
2108 2535 2300 2616 priuS,
2342 2541 2558 2617 potest
2589 2533 2757 2594 enim

544 2645 752 2699 totum
788 2655 928 2699 esse
961 2628 1134 2700 κατὰ
1167 2638 1418 2718 γένεσιν
1453 2634 1605 2697 licet
1633 2647 1844 2721 partes
1878 2657 2010 2700 non
2042 2638 2174 2700 sint
2204 2635 2471 2699 effectae
2504 2656 2757 2718 omnes3

547 2761 694 2824 pars
742 2738 968 2803 dicitur
1012 2760 1152 2802 esse
1197 2741 1376 2824 prior
1420 2748 1579 2815 toto,
1625 2749 1842 2823 potest
1878 2743 2043 2803 enim
2076 2759 2216 2802 esse
2245 2759 2394 2825 pars
2423 2741 2564 2802 sine
2594 2747 2758 2813 tote,

547 2836 718 2905 κατὰ
764 2837 1063 2928 φθοράν,
1109 2843 1166 2904 h.
1203 2863 1257 2905 e.
1304 2841 1739 2916 διαλυθέντος
1782 2845 1904 2905 τοῦ
1946 2837 2121 2919 ὅλου,
2167 2842 2245 2905 cf.
2296 2845 2459 2926 Top.
2508 2841 2603 2905 Vl
2650 2842 2756 2905 13.

551 2945 846 3012 150ac34.
915 2944 1214 3008 Similiter
1260 2943 1566 3029 quidquid
1612 2943 1781 3022 loco,
1824 2954 2130 3030 tempore,
2177 2943 2419 3024 ordine,
2463 2947 2756 3030 potentia

547 3053 724 3135 prius
772 3048 1027 3127 dicitur,
1070 3057 1289 3132 potest
1332 3069 1473 3111 esse
1516 3051 1657 3111 sine
1700 3047 1852 3126 illis,
1898 3071 2059 3132 quae
2105 3046 2324 3114 eadem
2370 3052 2618 3112 ratione
2665 3047 2758 3112 di-

546 3162 777 3218 cuntur
803 3155 1180 3240 posteriora,
1220 3150 1498 3236 ideoque
1540 3150 1621 3215 ad
1658 3150 1822 3214 hanc
1851 3155 2180 3215 notionem
2215 3154 2337 3216 τοῦ
2367 3151 2760 3235 ἐνδέχεσθαι

546 3254 718 3322 εἶναι
746 3251 904 3323 ἄνευ
929 3259 1206 3335 ἐκείνων,
1237 3265 1306 3321 ut
1332 3277 1494 3341 quae
1521 3257 1784 3320 maxime
1811 3257 1896 3319 sit
1916 3254 2309 3334 universaliS,
2333 3253 2734 3342 rediguntur.

1416 3517 1643 3591 CAP.
1709 3516 1883 3590 XII.

679 3677 786 3740 De
819 3677 1089 3739 notione
1126 3672 1546 3761 δυνάμεως
1583 3679 1880 3762 quoniam
1919 3673 2208 3740 subtilius
2243 3687 2314 3739 et
2344 3675 2595 3761 plenius
2631 3675 2754 3740 dis-

550 3783 797 3864 putavit
827 3778 1208 3843 Aristoteles
1245 3783 1312 3842 in
1348 3778 1514 3844 libro
1555 3779 1611 3842 Θ
1641 3780 2243 3864 Metapbysicorum,
2287 3778 2419 3843 illic
2464 3802 2629 3865 quae
2672 3779 2754 3844 ad

550 3879 1030 3969 intelligendam
1075 3882 1445 3969 philosophi
1490 3886 1868 3947 sententiam
1910 3885 2269 3948 necessaria
2314 3882 2611 3948 videntur
2653 3905 2756 3948 ex-

550 3984 899 4072 plicuimus.
969 3986 1177 4071 Quam
1222 3986 1354 4051 illic
1394 3990 1801 4071 exposuimus
1845 3989 2171 4071 potentiae
2217 3996 2284 4050 et
2316 3986 2753 4073 possibilitatis

550 4091 971 4175 (Vermo‘gen
1013 4100 1083 4153 et
1123 4089 1599 4174 Moglicltkeit)
1646 4089 2102 4169 diversitatem,
2149 4090 2378 4155 eodem
2421 4084 2754 4174 δυνάμεως

551 4197 811 4258 nomine
865 4193 1412 4278 comprehensam,
1473 4215 1548 4257 ea
1604 4195 1724 4257 hac
1777 4214 2032 4279 quoque
2088 4197 2154 4257 in
2201 4194 2631 4280 disputatione
2673 4196 2754 4256 si-

550 4297 893 4386 gnificatur
933 4300 1135 4386 magis
1180 4319 1364 4383 quam
1410 4296 1775 4383 explicatur,
1819 4295 2125 4382 siquidem
2172 4297 2251 4362 ab
2296 4300 2498 4376 initio,
2544 4298 2752 4362 loma
