3043 4973
550 242 700 318 242
1384 244 1455 318 Δ
1502 240 1575 316 8.
1659 240 1927 315 101712.

553 419 622 485 δὲ
664 413 759 503 μὴ
804 415 971 484 εἶναι
1013 412 1118 485 ὅτι
1155 414 1272 483 οὐκ
1308 412 1567 497 ἀληθὲς
1605 411 1779 483 ἀλλὰ
1813 416 2077 505 ψεῦδος,
2122 412 2368 502 ὁμοίως
2409 418 2515 484 ἐπὶ
2559 440 2767 484 και-α-

552 517 816 613 φᾶσεως
858 523 972 587 καὶ
1017 515 1437 609 ἀποφάσεως,
1481 530 1749 607 apparet
1780 515 2164 608 κατάφασιν
2199 529 2266 586 et
2301 514 2654 609 ἀπόφασιν
2681 520 2768 588 ad

551 634 890 708 utrumque
930 625 1156 690 referri
1200 634 1267 689 et
1310 623 1392 688 ad
1436 618 1514 689 τὰ
1562 619 1729 689 εἶναι
1774 634 1839 689 et
1883 622 1963 687 ad
2008 617 2087 688 τὸ
2130 617 2223 707 μὴ
2269 618 2453 688 εἶναι.
2542 624 2769 709 Itaque

552 726 648 792 his
678 726 1028 808 vocabulis,
1069 723 1462 818 κατάφασις,
1500 721 1859 817 ἀπόφασις,
1897 747 2034 791 non
2071 725 2232 790 illud
2260 725 2581 813 significat
2615 748 2770 811 pro·

552 834 945 916 positionum
992 830 1359 910 discrimen,
1418 828 1594 916 quod
1654 851 1730 893 ex
1779 829 2012 916 copula
2057 832 2195 893 ἐστι
2235 827 2345 894 vel
2389 828 2771 894 affirmative

552 933 658 1001 vel
705 937 1003 1022 negative
1049 934 1331 999 adhibita
1380 934 1657 1010 exsistit,
1712 931 1827 998 sed
1884 932 1951 997 id
2009 931 2184 1017 quod
2238 953 2313 996 ex
2369 932 2771 1018 praedicato·

552 1059 690 1103 rum
736 1047 959 1102 natura
1005 1038 1381 1103 affirmativa
1426 1046 1537 1101 aut
1579 1039 1876 1123 negativa
1923 1038 2143 1102 oritur.
2214 1033 2436 1101 Veluti
2470 1040 2770 1112 enuncia·

553 1143 676 1205 tio:
734 1142 872 1206 ἔστι
913 1138 1288 1227 Σωκράτης
1343 1137 1422 1205 οὐ
1466 1135 1693 1214 λευκός
1737 1149 2005 1225 propter
2047 1138 2479 1224 praedicatum
2523 1144 2770 1228 negati-

552 1267 700 1310 vum
759 1243 842 1309 ad
898 1239 1274 1330 ἀποφάσεις
1329 1241 1667 1308 referenda
1728 1247 1874 1320 erit,
1931 1241 2167 1328 copula
2224 1253 2431 1307 autem
2494 1244 2770 1310 affirma·

557 1350 686 1412 tiva
746 1368 880 1411 eam
939 1346 1131 1411 habet
1188 1351 1343 1425 vim,
1408 1357 1480 1411 ut
1542 1346 1713 1412 illam
1776 1348 2288 1412 enunciationem
2348 1367 2558 1411 veram
2621 1366 2769 1411 esse

555 1449 846 1514 affirmet.
951 1450 1284 1514 Eiusmodi
1350 1453 1834 1516 enunciationes
1902 1449 2279 1515 Aristoteles
2344 1459 2612 1536 propter
2673 1453 2772 1514 in-

554 1552 879 1617 definitam
936 1552 1287 1638 praedicati
1346 1564 1633 1619 naturam
1697 1551 2048 1638 ἀορίστους
2109 1552 2341 1618 dixisse
2395 1554 2772 1639 perhibetur

554 1656 884 1737 (Ammon.
945 1656 1026 1722 ad
1070 1658 1284 1721 Herm.
1330 1657 1547 1723 Schol.
1602 1658 1767 1723 12Ια
1809 1659 1960 1737 13),
2018 1657 2194 1743 quod
2252 1678 2487 1724 nomen
2544 1678 2768 1742 parum

551 1760 944 1825 intellectum
988 1758 1068 1823 ad
1111 1770 1391 1825 nostram
1432 1769 1701 1824 aetatem
1740 1760 2021 1825 obtinuit
2065 1759 2411 1842 (Trendel.
2441 1759 2540 1826 El.
2573 1760 2630 1845 §.
2661 1762 2766 1837 5),

554 1863 1035 1949 Theophrastus
1067 1884 1224 1927 vero
1257 1868 1326 1929 ἐκ
1353 1867 1793 1949 μεταθέσεως.
1824 1899 1910 1913 --
1948 1865 2082 1928 035
2120 1859 2583 1951 σύμμετρος
2614 1864 2770 1927 scri-

550 1966 832 2032 bendum
878 1987 1036 2044 esse,
1083 1988 1218 2032 non
1263 1963 1696 2053 ἀσύμμετρος,
1742 1965 2000 2032 ostendi
2045 1967 2207 2034 Obs.
2253 1989 2318 2052 p.
2350 1968 2459 2032 89.

685 2071 770 2150 d)
819 2070 1030 2134 1017a
1053 2071 1357 2136 35-b9.
1451 2070 1696 2155 Quarta
1740 2069 2122 2158 significatio
2167 2073 2289 2135 τοῦ
2333 2065 2543 2146 ὄντος,
2586 2068 2767 2155 quod

551 2171 660 2235 vel
716 2165 794 2236 τὸ
853 2168 1129 2255 δυνάμει
1185 2168 1264 2238 ὅν
1318 2174 1426 2240 vel
1475 2169 1554 2240 τὸ
1600 2176 1953 2258 ἐντελεχείᾳ
1996 2173 2342 2262 significat,
2398 2174 2767 2258 superiores

555 2295 777 2340 omnes
834 2275 1278 2361 complectitur
1334 2281 1505 2359 (τῶν
1564 2283 1917 2365 εἰρημένων
1959 2273 2209 2342 τούτων
2245 2278 2397 2357 ⁸2);
2455 2273 2765 2361 quidquid

554 2381 719 2443 enim
766 2400 907 2442 esse
952 2377 1194 2464 aliquid
1240 2379 1482 2459 dicitur,
1529 2380 1595 2446 id
1641 2381 1748 2445 vel
1792 2383 2080 2466 potentia
2119 2379 2279 2445 illud
2320 2389 2417 2444 est
2451 2378 2558 2443 vel
2599 2388 2762 2446 actu.

552 2483 698 2547 Hoc
741 2482 1094 2561 discrimen,
1140 2488 1506 2570 saepissime
1550 2490 1619 2550 in
1664 2483 1957 2551 omnibus
2004 2484 2482 2570 quaestionibus
2519 2482 2766 2549 adhibi-

552 2597 712 2666 tum,
768 2586 1029 2651 uberius
1076 2591 1338 2673 exponit
1381 2587 1552 2654 libro
1607 2589 1692 2666 Θ,
1752 2592 1927 2652 cuius
1984 2587 2132 2652 libri
2189 2596 2380 2671 caput
2429 2591 2761 2672 septimum

552 2693 810 2776 respicit
848 2693 960 2755 119:
1007 2695 1077 2756 ὲν
1112 2685 1338 2767 ἄλλοις
1373 2691 1754 2776 διοριστέον.
1787 2728 1869 2743 ·-
1912 2689 2242 2755 Sententia
2278 2690 2639 2755 Aristotelis
2668 2693 2765 2755 ni-

552 2793 643 2857 hil
687 2794 881 2858 habet
925 2793 1199 2871 obscuri,
1243 2792 1359 2857 sed
1404 2793 1485 2858 de
1530 2796 1685 2881 ipsis
1728 2794 1941 2860 verbis
1986 2793 2127 2878 plus
2173 2812 2302 2857 una
2345 2798 2548 2861 oritur
2584 2793 2766 2858 dubi-

551 2899 730 2960 tatio.
802 2898 1076 2960 Primum
1123 2891 1328 2978 ῥητόν
1372 2908 1438 2961 et
1480 2898 1695 2982 ῥητῶς
1738 2900 2082 2982 antiquitus
2127 2898 2248 2959 iam
2294 2900 2643 2967 intextum
2682 2900 2765 2961 ir-

526 3000 830 3084 ‘repsisse
874 3003 1054 3062 testis
1100 3008 1200 3062 est
1231 2998 1592 3065 Alexander
1633 3023 1694 3085 p.
1726 3001 1876 3077 332,
1905 3002 2009 3077 22,
2054 3016 2186 3067 non
2226 3003 2573 3086 genuinum
2602 2997 2762 3067 illud

554 3123 695 3168 esse
740 3102 928 3167 facile
973 3100 1092 3166 sibi
1137 3102 1563 3188 persuadebit,
1610 3105 1715 3188 qui
1762 3123 1982 3167 omnes
2018 3101 2376 3167 Aristotelis
2416 3103 2498 3166 de
2537 3114 2763 3191 poten-

551 3209 638 3270 tia
681 3206 866 3272 locos
913 3205 1286 3280 contulerit;
1330 3204 1444 3270 sed
1491 3209 1600 3292 qui
1645 3208 1927 3292 potuerit
1969 3205 2192 3269 inferri
2233 3210 2298 3269 in
2346 3216 2579 3273 textum
2626 3227 2762 3273 non

550 3309 762 3378 video.
838 3309 1187 3376 Articulum
1234 3309 1469 3374 deinde
1515 3307 1768 3375 duobus
1815 3308 1974 3373 locis
2021 3307 2480 3375 excludendum
2523 3312 2762 3386 cenaui,

552 3417 697 3499 quia
742 3412 921 3478 nulla
963 3413 1055 3478 ibi
1100 3417 1349 3478 ratione
1397 3411 1697 3499 explicari
1740 3421 1989 3497 potest,
2037 3401 2166 3476 cur'
2190 3412 2619 3498 praedicatum
2664 3433 2762 3479 ar·-

551 3514 811 3581 ticulum
859 3514 1211 3581 adsciverit.
1261 3552 1342 3567 -
1405 3514 1776 3601 Exemplum
1824 3516 2127 3581 Mercurii
2185 3518 2292 3600 qui
2337 3518 2403 3580 in
2445 3516 2594 3581 rudi
2636 3534 2760 3579 ma-

552 3622 728 3697 teria,
772 3617 1012 3683 dimidii
1057 3619 1231 3704 quod
1278 3622 1347 3682 in
1390 3629 1533 3683 toto
1578 3621 1729 3683 insit
1772 3618 2071 3703 frequens
2107 3622 2170 3682 in
2209 3619 2330 3683 hac
2361 3640 2449 3695 re,
2489 3618 2567 3683 cf.
2599 3617 2666 3685 B
2695 3620 2757 3683 5.

554 3724 763 3789 1002a
800 3723 907 3786 22.
975 3721 1032 3785 Θ
1075 3723 1137 3786 6.
1188 3721 1396 3786 1048a
1433 3723 1493 3785 3.
1553 3722 1746 3806 Phys.
1791 3724 1822 3785 Ι
1871 3724 1930 3787 7.
1981 3724 2141 3789 19⁰⁶:
2183 3725 2242 3787 7.

1397 3874 1625 3985 CAP.
1689 3909 1899 3983 v111.

680 4054 785 4117 De
832 4051 1077 4135 οὐσίᾳ
1119 4049 1438 4117 subtiliter
1482 4062 1550 4116 et
1592 4062 1883 4116 accurate
1915 4051 2296 4116 Aristoteles
2331 4052 2614 4138 disputat
2640 4073 2757 4139 per

548 4158 883 4222 universos
928 4153 1131 4219 libros
1162 4157 1223 4219 Z
1262 4164 1328 4220 et
1356 4157 1454 4231 H,
1498 4155 1726 4240 quibus
1772 4159 2150 4241 comparatis
2193 4156 2545 4242 apparebit,
2590 4176 2756 4242 quae

547 4258 615 4323 in
659 4259 778 4323 hac
819 4258 1355 4345 significationum
1402 4262 1884 4324 enumeratione
1928 4259 2036 4326 vel
2080 4263 2310 4325 omissa
2353 4263 2482 4324 sint
2518 4260 2622 4323 vel
2662 4257 2759 4323 di-

548 4364 773 4428 stincta
819 4384 1010 4448 quum
1055 4382 1189 4428 non
1234 4362 1513 4427 debeant
1558 4361 1880 4451 distingui.
