3043 4973
1190 258 1270 327 Λ
1319 253 1389 327 8.
1472 252 1741 327 1074a.
2282 282 2285 285 “
2425 252 2569 328 509

369 429 674 513 cuiusque
716 428 1013 513 planetae
1056 427 1367 515 sphaerae
1412 427 1495 493 ad
1540 449 1676 493 eam
1723 450 1884 514 quae
1929 433 2131 516 prima
2175 439 2273 493 est
2311 431 2379 493 in
2413 428 2569 493 infe-

366 535 540 596 riore
569 531 824 617 planeta
871 524 1035 612 (τὴν
1075 527 1341 615 πρώτην
1384 540 1684 619 σφαῖραν
1727 528 1832 596 ἀεὶ
1876 533 1995 596 τοῦ
2035 527 2339 597 ὑποκάτω
2382 554 2568 596 τετα-

365 636 607 718 γμένου
652 627 900 719 ἄστρου
941 634 1089 712 ¹⁸3).
1168 632 1327 697 Inde
1369 633 1667 719 planetae
1716 637 2018 719 cuiusque
2062 644 2271 698 motus
2316 653 2450 698 non
2496 655 2570 698 ex

365 740 443 801 iis
489 747 729 801 tantum
776 735 1090 800 efficietur
1118 735 1432 821 sphaeris,
1479 757 1642 821 quae
1667 735 1768 799 'ad
1810 757 1950 800 eum
1993 740 2196 821 ipsum
2231 739 2571 822 pertinent,

336 839 482 903 ·sed
529 861 603 904 ex
650 837 939 903 omnibus
984 838 1444 925 superioribus.
1536 838 1755 923 Quare
1809 849 1881 902 ut
1925 842 2123 924 prima
2168 840 2437 925 sphaera
2480 844 2570 903 in-

367 942 620 1007 ferioris
679 943 983 1025 cuiusque
1039 942 1331 1027 planetae
1382 941 1671 1006 solvatur
1714 963 1752 1003 a
1794 953 1975 1006 motu
2017 942 2424 1028 sphaerarum
2470 964 2572 1007 su·-

368 1046 641 1128 perioris
685 1042 984 1127 planetae
1033 1055 1099 1117 κ
1139 1066 1213 1109 re
1255 1066 1408 1109 vera
1453 1047 1651 1129 ipsius
1696 1054 1938 1108 tanmm
1995 1043 2296 1130 planetae
2349 1047 2572 1131 sphae-

367 1167 471 1210 ras
528 1145 610 1209 ad
667 1157 910 1211 motum
968 1150 1102 1212 eius
1162 1146 1598 1233 explicandum
1645 1147 1930 1211 adbiberi
1974 1146 2192 1226 liceat,
2249 1159 2573 1235 ponantur

367 1257 468 1312 tot
531 1249 837 1333 sphaerae
897 1249 1332 1328 revolventes»,
1395 1261 1556 1335 quot
1614 1248 1896 1315 volvitur
1949 1250 2206 1336 planeta
2262 1254 2572 1338 superior,

367 1361 624 1438 praeter
668 1373 889 1427 unam3
948 1355 1181 1416 etenim
1226 1362 1436 1417 motus
1483 1354 1619 1415 eius
1665 1352 2003 1438 sphaerae,
2057 1375 2188 1439 per·
2218 1376 2404 1439 quam
2447 1358 2572 1419 sin-

367 1454 535 1543 gulis
597 1454 824 1520 diebus
881 1455 962 1520 ab
1024 1458 1272 1520 oriente
1332 1454 1732 1520 occidentem
1787 1477 2009 1520 versus
2064 1456 2381 1538 feruntur,
2436 1476 2573 1525 non

369 1569 466 1624 est
510 1581 622 1623 cur
669 1558 1062 1638 revolvatur,
1119 1559 1431 1645 siquidem
1489 1558 1786 1623 omnibus
1840 1569 1937 1623 est
1981 1558 2253 1645 planetis
2300 1582 2571 1626 commu-

367 1667 486 1728 nis.
575 1664 916 1727 Praeterea
966 1683 1102 1728 non
1148 1684 1311 1749 opus
1359 1673 1456 1727 est
1499 1663 1595 1726 his
1642 1661 1927 1748 sphaeris
1971 1661 2454 1728 revolventibus
2505 1668 2571 1728 in

368 1766 589 1832 infimo
636 1763 876 1844 sidere,
934 1765 1114 1846 luna,
1168 1768 1312 1850 quia
1366 1766 1552 1829 huius
1596 1764 1905 1850 sphaerae
1949 1785 2083 1831 non
2129 1765 2367 1830 habent
2408 1767 2572 1831 infra

367 1891 465 1948 se,
526 1890 787 1955 quarum
844 1876 1085 1932 motum
1131 1867 1519 1933 conturbent
1544 1869 1629 1948 ¹).
1717 1868 1940 1953 Itaque
1985 1889 2022 1930 a
2068 1866 2370 1955 Callippo
2417 1890 2572 1953 quo-

366 1972 564 2037 modo
597 1973 704 2037 Ar.
752 1971 1009 2035 differat
1052 1993 1126 2036 ex
1171 1973 1289 2035 hac
1332 1981 1550 2057 potest
1583 1970 1799 2035 tabula
1841 1975 2165 2058 cognosci,
2211 1993 2395 2057 quam
2429 1974 2571 2036 Kri-

370 2078 519 2143 sche
565 2076 606 2140 l.
643 2075 686 2140 l.
733 2098 794 2161 p.
826 2076 960 2140 298
1003 2078 1367 2162 proposuit:

813 2265 1067 2334 Callippus
1100 2265 1275 2316 tribuit
1454 2264 1737 2317 Aristoteles
1772 2263 1911 2315 addit
1940 2267 2244 2319 revolvente,

467 2350 745 2414 Saturno
981 2350 1022 2413 4
1141 2397 1156 2420 ,
1278 2393 1293 2416 ,
1784 2349 1826 2411 3
2246 2391 2256 2407 x

464 2455 606 2520 Iovi
982 2452 1023 2516 4
1126 2423 1293 2465 οκτω
1336 2402 1441 2465 ⁶6·
1784 2347 1879 2536 3}
1931 2397 1998 2478 ἕξ
2038 2403 2143 2466 ⁶9.

468 2558 662 2619 Marti
981 2556 1022 2618 5
1786 2557 1825 2619 4

467 2659 713 2722 Veneri
985 2658 1024 2719 5
1788 2658 1827 2720 4

466 2763 792 2826 Mercurio
984 2761 1025 2824 5
1125 2718 1314 2781 πέντε
1357 2716 1469 2781 καὶ
1515 2715 1602 2781 εἴ·
1788 2760 1830 2821 4
1930 2714 2269 2779 ἑκκαίδεκα
2306 2716 2454 2780 b10.

469 2864 608 2929 Soli
983 2863 1024 2926 5
1168 2839 1315 2886 κΟσῦ
1353 2821 1383 2873 b
1401 2822 1458 2884 7·
1786 2861 1827 2924 4

467 2969 691 3033 Lunae
985 2967 1027 3029 5

934 3086 1023 3150 33
1334 3094 1423 3155 -ι-
1745 3086 1833 3148 22
1919 3108 2010 3144 =
2095 3086 2181 3150 55

503 3269 631 3332 lam
680 3278 952 3334 extrema
1000 3267 1184 3330 huius
1231 3262 1683 3349 disputationis
1730 3267 2191 3332 astronomicae
2224 3261 2419 3330 verba
2449 3284 2572 3327 ma-

371 3374 564 3436 ximas
601 3370 821 3436 turbas
857 3370 1146 3434 fecerunt
1180 3365 1631 3453 interpretibus
1667 3368 1830 3434 1112:
1877 3372 1932 3431 εὶ
1970 3368 2038 3431 δὲ
2072 3368 2151 3458 τῇ
2190 3361 2425 3456 σελήνῃ
2462 3367 2575 3431 καὶ

481 3588 547 3659 1)
592 3600 662 3645 ⁶4
701 3587 838 3644 οὕτω
874 3589 978 3660 γὰρ
1012 3584 1184 3660 μόνως
1228 3590 1488 3660 ἐνδέχεται
1533 3586 1629 3655 τὴν
1675 3584 1777 3640 τῶν
1821 3572 2092 3656 πλανητῶν
2138 3586 2312 3658 φορὰν
2355 3584 2575 3640 ,ἅπαντα

372 3682 681 3740 ποιεῖσθαι,
726 3675 1007 3726 subiectum
1044 3672 1293 3724 enunciati
1327 3692 1356 3723 a
1389 3693 1436 3723 v.
1473 3674 1731 3738 ἐνδέχεται
1770 3673 2031 3741 pendentis
2072 3687 2147 3723 est
2181 3670 2421 3733 ἅπαντα,
2465 3671 2498 3721 i.
2528 3690 2571 3721 e.

371 3765 728 3820 συντεθείσας
763 3760 942 3819 πάσας
978 3759 1076 3818 τοὶς
1112 3762 1347 3829 σφαίρας
1382 3757 1482 3817 τάς
1518 3778 1575 3809 τε
1616 3755 1882 3829 φερούσας
1918 3761 2008 3810 καὶ
2044 3758 2145 3817 τοὶς
2181 3752 2572 3818 ἀνελιττούσας,

373 3848 626 3900 obiectum
659 3865 779 3898 vero
814 3845 911 3913 τὴν
945 3842 1048 3897 τῶν
1083 3841 1353 3911 πλανητῶν
1389 3839 1588 3913 φοράν,
1631 3857 1831 3893 motum
1871 3845 2183 3911 planetarum
2218 3841 2418 3911 qualem
2452 3861 2574 3893 con-

371 3933 629 4001 spicimus,
666 3931 736 3984 τὰ
775 3926 1067 4001 φαινόμενα
1104 3936 1202 3991 ⁶1,
1236 3943 1296 3979 ut
1328 3930 1424 3981 hoc
1460 3931 1552 3979 Ar.
1590 3928 1742 3979 ὥσπε
1785 3928 1910 3979 haee
1941 3948 2046 3980 una
2079 3942 2153 3979 est
2185 3928 2334 3989 rucio,
2381 3946 2440 3978 ex
2474 3945 2574 3996 qua

372 4038 433 4069 ea
466 4037 595 4085 quae
628 4017 865 4087 ponimus
901 4014 1070 4067 omnia
1103 4028 1303 4068 mamm
1333 4016 1648 4083 planetarum
1682 4013 1976 4074 efficiantet,
2003 4014 2264 4083 explicent.
2317 4016 2425 4067 Nec
2454 4033 2572 4083 pos-

375 4122 489 4154 sum
524 4102 694 4156 Schw.
733 4101 952 4154 assentiri
987 4100 1307 4152 enunciamm
1342 4099 1411 4151 sic
1445 4097 1679 4149 vertenti:
1724 4114 1830 4150 nur
1872 4098 1954 4151 bei
1986 4100 2153 4152 diener
2187 4100 2465 4153 Annahme
2498 4098 2576 4150 nei

264 4223 270 4232 .
374 4202 426 4238 en
462 4186 724 4255 miigliclt,
769 4185 893 4258 dass
930 4189 1021 4238 der
1064 4185 1303 4257 Umlauf
1327 4186 1419 4237 der
1454 4185 1716 4237 Planeten
1750 4184 1857 4236 alle
1875 4184 2330 4257 ΔΕνεοΙιείηιιηψπ
2363 4186 2572 4238 hervor-

373 4271 575 4341 bringe.
644 4271 820 4322 Motus
865 4271 1000 4322 enim
1041 4273 1357 4341 planetarum
1398 4269 1503 4339 ipse
1546 4284 1620 4321 est
1650 4268 1773 4321 illud
1809 4269 2151 4341 φαινόμενον,
2194 4272 2248 4323 in
2283 4290 2385 4340 quo
2421 4268 2572 4335 expli-

373 4357 536 4408 cando
572 4375 725 4424 opera
757 4357 975 4424 ponitur.
2188 4361 2193 4368 '
