3043 4973
550 211 693 286 334
1241 207 1245 211 Α
1352 215 1427 282 Ζ
1477 210 1590 283 10.
1675 210 1859 283 1035
1879 210 1941 281 b.

550 384 812 473 λόγοις)
854 384 933 453 οὐ
968 388 1065 453 δεῖ
1102 392 1341 454 ἐνεῖναι
1379 386 1735 473 explicandi
1773 410 1958 452 causa
1997 387 2275 452 additur:
2319 379 2404 451 ὀὲν
2436 382 2528 471 μὴ
2566 377 2610 479 ᾖ
2642 390 2766 451 τοῦ

550 494 1077 575 συνειλημμένου.
1171 494 1353 555 Hanc
1399 491 1655 578 ellipsin
1701 512 1833 555 non
1880 492 2266 557 intellexisse
2310 491 2592 568 videtur,
2654 494 2761 576 qui

549 599 617 660 in
672 598 957 683 margine
1016 595 1158 660 cod.
1204 597 1276 660 Ε
1325 594 1657 661 adnotavit
1710 618 1827 682 pro
1885 599 2014 661 τῶν
2068 597 2187 682 μὲν
2234 634 2312 648 --
2360 597 2492 659 τῶν
2538 596 2609 658 δέ
2656 594 2764 659 vel

550 699 743 766 scribi
788 698 894 762 vel
940 700 1341 765 scribendum
1388 720 1531 764 esse
1575 702 1704 764 τῶν
1746 702 1865 784 μὲν
1909 736 1994 748 --
2040 707 2179 776 τοῖς
2223 700 2311 764 δέ.
2645 685 2651 698 ’

685 805 895 868 1035α
943 806 1031 869 30
1090 799 1266 868 ὥστ’
1312 805 1646 868 ἐκείνων
1703 806 1846 888 μὲν
1903 800 2150 893 ἀρχαὶ
2207 805 2343 867 καὶ
2398 806 2603 889 μέρη
2663 797 2769 866 τὰ

552 903 678 996 ὑφ’
730 901 968 985 αὑτά,
1022 909 1157 971 κτλ.
1216 911 1428 970 ἐκεῖνοι
1488 906 1613 970 dici
1670 928 1769 970 ea·
1805 929 1967 993 quae
2028 930 2064 972 e
2120 910 2380 971 materia
2440 917 2505 969 et
2560 906 2770 970 forma

552 1010 941 1089 coaluerunt,
989 1021 1054 1075 et
1093 1033 1166 1074 ex
1206 1010 1644 1096 superioribus
1685 1011 2063 1099 intelligitur
2102 1022 2167 1075 et
2205 1009 2615 1074 confirmatur
2652 1030 2770 1096 op-

550 1118 765 1202 posito
802 1117 920 1180 τοῦ
954 1111 1010 1178 δ’
1052 1112 1277 1191 εἴδους,
1315 1116 1471 1178 α31.
1540 1114 1670 1178 Sed
1716 1110 1799 1180 τοὶ
1845 1113 1961 1205 ὑφ’
2002 1110 2172 1181 αὐτοὶ
2210 1113 2358 1200 quid
2400 1113 2772 1201 significent

555 1218 848 1304 equidem
894 1239 1026 1283 non
1072 1240 1330 1304 possum
1380 1217 1684 1281 divinare.
1762 1219 2121 1284 Alexander
2158 1241 2346 1305 quum
2377 1219 2537 1281 haec
2565 1219 2767 1282 verba

556 1327 649 1387 sic
676 1325 1128 1408 interpretetur
1158 1346 1219 1408 p.
1246 1324 1389 1400 474,
1424 1323 1536 1387 15:
1583 1317 1746 1388 ὥστε
1786 1327 1914 1388 τῶν
1946 1326 2288 1388 συνθέτων
2317 1324 2529 1386 ταῦτα
2559 1316 2642 1386 τοὶ
2677 1319 2771 1398 ὡς

551 1423 676 1507 ὕλη
735 1429 856 1491 εἰσὶ
912 1431 1077 1515 μέρη
1133 1429 1245 1492 καὶ
1302 1423 1532 1511 ἀρχαί,
1590 1447 1724 1490 non
1784 1427 2207 1513 improbabile
2249 1426 2575 1490 videbitur
2621 1448 2767 1490 eum

552 1554 675 1621 pro
722 1525 806 1597 τὰ
848 1529 964 1621 ὑφ’
1005 1528 1176 1596 αὑτά
1221 1534 1288 1595 in
1326 1541 1498 1595 textu
1544 1531 1840 1595 habuisse
1885 1524 1971 1595 τὰ
2013 1528 2253 1595 ὑλικά
2295 1530 2400 1594 vel
2445 1524 2530 1595 τὰ
2576 1528 2774 1595 iamt

552 1638 781 1702 ταῦτα.
832 1675 912 1687 -
971 1636 1279 1700 Proximis
1326 1638 1392 1699 in
1437 1635 1652 1699 verbis
1701 1634 1874 1720 quod
1920 1644 2068 1698 ante
2114 1642 2399 1724 σφαῖρα,
2447 1638 2613 1714 α32,
2660 1634 2770 1699 ad·

555 1739 689 1806 didi
727 1742 971 1825 χαλκῆ,
1018 1741 1095 1804 cf.
1144 1740 1307 1805 obs.
1354 1763 1417 1825 p.
1451 1742 1567 1816 91,
1617 1739 2025 1803 confirmatur
2073 1738 2411 1803 Alexandri
2456 1744 2771 1825 interpre-

552 1848 799 1910 tatione
844 1868 906 1930 p.
948 1846 1094 1922 474,
1144 1847 1246 1909 17.
1294 1881 1381 1894 --
1437 1844 1734 1928 Denique
1778 1845 1938 1908 a33:
1987 1844 2124 1908 ἔστι
2177 1838 2305 1924 γάρ
2349 1866 2427 1907 τι
2473 1837 2509 1906 ὃ
2556 1845 2771 1908 συνεί,

555 1951 801 2029 ληπται
843 1945 922 2036 τῇ
964 1943 1111 2038 ὕλῃ,
1171 1950 1293 2011 nisi
1340 1947 1623 2011 obstaret
1671 1946 2011 2010 Alexandri
2057 1950 2430 2026 auctoritaS,
2477 1968 2609 2011 non
2659 1947 2772 2011 du·

553 2054 818 2117 bitarem
868 2074 903 2116 e
939 2051 1125 2115 codd.
1161 2050 1301 2115 ET
1338 2055 1653 2137 recipere:
1700 2052 1836 2114 ἔστι
1877 2046 2005 2138 γάρ
2048 2073 2173 2127 τις
2219 2044 2304 2126 ὃς
2350 2051 2773 2129 συνείληπται

554 2159 634 2247 τῇ
689 2151 826 2247 ὕλῃ.
920 2156 1170 2219 Etenim
1227 2154 1386 2219 illud
1444 2166 1734 2218 neutrum
1793 2177 1857 2217 τι
1914 2158 2066 2218 satis
2123 2153 2455 2219 indefinite
2511 2154 2769 2230 dicitur3

556 2260 756 2347 longe
816 2259 1169 2323 distinctius
1224 2282 1349 2335 τις,
1408 2257 1581 2343 quod
1637 2256 1719 2321 ad
1775 2252 2007 2334 κύκλος
2050 2259 2377 2322 referatur.
2470 2257 2769 2323 Circulus

561 2365 748 2429 etiam
795 2365 858 2426 in
905 2372 1234 2449 segmenta
1281 2361 1607 2439 dividitur,
1669 2370 1765 2425 est
1825 2365 1987 2426 enim
2044 2362 2296 2448 quidam
2343 2362 2616 2427 circulus
2664 2365 2767 2447 qui

559 2490 700 2535 cum
737 2471 997 2532 materia
1032 2464 1284 2545 coaluit,
1329 2475 1670 2552 propterea
1703 2465 1875 2551 quod
1907 2466 2283 2533 universalis
2316 2466 2534 2532 circuli
2562 2467 2768 2531 forma

561 2584 624 2639 et
667 2573 900 2660 singuli
948 2575 1180 2661 quique
1224 2592 1301 2634 ac
1342 2569 1674 2635 sensibiles
1722 2569 1941 2634 circuli
1988 2571 2213 2635 eodem
2263 2572 2478 2636 circuli
2513 2575 2768 2635 nomine

560 2679 966 2743 denotantur.

693 2783 895 2847 103511
932 2781 975 2843 3
1022 2777 1344 2863 εἴρηται
1386 2814 1475 2826 —-
1520 2779 1605 2841 31
1656 2773 1980 2862 ὁμοίως.
2071 2780 2302 2857 Altera,
2349 2800 2531 2864 quam
2578 2800 2768 2864 supra

558 2887 901 2972 proposuit
942 2904 1066 2946 nec
1102 2881 1364 2958 diremit,
1411 2883 1728 2965 quaestio:
1775 2905 1936 2968 quae
1980 2886 2111 2947 sint
2153 2895 2364 2969 partes
2408 2893 2553 2949 toto
2600 2886 2767 2969 prio-

559 3010 663 3052 res
702 3009 863 3073 quae
904 3006 1054 3064 non,
1100 3008 1287 3071 quum
1325 3006 1397 3049 re
1434 3007 1588 3049 vera
1623 2985 1846 3051 eodem
1878 2997 2125 3073 spectet
2154 3010 2229 3051 ac
2259 2992 2555 3074 superior
2583 3009 2768 3073 quae-

561 3096 704 3170 stio,
752 3113 886 3155 eam
933 3094 1019 3155 ita
1066 3112 1235 3161 nunc
1269 3090 1519 3154 orditur
1557 3101 1866 3168 excutere,
1911 3102 1984 3155 ut
2014 3113 2147 3155 non
2178 3113 2414 3156 novum
2449 3092 2765 3178 quidpiam

559 3216 961 3285 proponere,
1018 3195 1133 3260 sed
1191 3216 1352 3280 quae
1411 3205 1558 3259 ante
1606 3194 1921 3281 disputata
1970 3206 2117 3260 sunt
2163 3194 2531 3283 diligentius
2578 3194 2768 3282 expli·

562 3323 711 3365 care
737 3301 1044 3379 videatur,
1082 3300 1183 3378 113,
1217 3302 1276 3364 4.
1341 3300 1563 3363 Partes
1597 3303 1898 3378 notionis,
1935 3304 2025 3363 ait
2055 3301 2214 3379 (τοῦ
2242 3296 2442 3382 λόγου
2471 3305 2636 3384 μέρη
2667 3300 2767 3377 64,

560 3407 681 3484 τῆς
725 3401 958 3480 οὐσίας
998 3404 1118 3482 τῆς
1155 3397 1329 3467 κατὰ
1362 3398 1481 3468 τὸν
1518 3399 1719 3487 λόγον
1755 3405 1902 3480 ὂ13,
1951 3403 2027 3465 cf.
2063 3401 2142 3465 ad
2173 3403 2244 3466 A
2272 3406 2334 3466 6.
2367 3405 2528 3471 987⁶
2552 3406 2661 3468 21.
2688 3438 2769 3455 --

565 3505 783 3586 ὀξείας
826 3503 1023 3589 λόγος
1050 3510 1153 3585 67,
1200 3506 1278 3570 cf.
1320 3508 1652 3572 10341128.
1703 3509 1789 3571 M
1812 3508 1875 3570 8.
1909 3508 2112 3571 108412
2139 3510 2237 3587 7),
2283 3509 2322 3570 i.
2357 3527 2408 3570 e.
2454 3516 2651 3570 notae
2701 3528 2772 3570 ex

566 3610 796 3698 quibus
845 3609 1179 3673 conficitur
1224 3610 1509 3675 notionis
1555 3610 1931 3696 descriptio,
1972 3614 2238 3696 -priores
2295 3621 2467 3677 sunt.
2488 3614 2771 3688 notione,

565 3714 870 3799 siquidem
917 3723 1072 3777 nota
1119 3713 1437 3798 quaelibet
1483 3719 1751 3802 cogitari
1792 3724 2008 3801 potest
2045 3714 2329 3778 nondum
2370 3716 2647 3802 cogitata
2682 3735 2773 3789 ea,

568 3841 729 3904 quae
775 3818 925 3882 inde
971 3816 1339 3896 conficitur,
1385 3822 1683 3897 notione,
1735 3820 1871 3884 non
1914 3810 2413 3883 vicissim'notio
2460 3820 2598 3882 sine
2645 3820 2774 3881 suis

567 3926 764 4008 ipsius
808 3926 998 3987 notis·
1089 3924 1233 3987 Hoc
1278 3921 1529 4008 quidem
1577 3922 1755 3999 loco,
1812 3921 1925 3985 nbi
1981 3921 2064 3986 de
2117 3922 2490 3987 notionibus
2550 3924 2775 4008 agitur,

568 4026 739 4112 quod
788 4025 1146 4112 appellatur
1187 4029 1362 4112 prius
1404 4025 1570 4090 idem
1611 4026 1928 4114 significat
1966 4036 2155 4111 atque
2192 4025 2645 4100 universalium
2690 4037 2777 4088 et-

568 4132 733 4193 enim
779 4132 1029 4215 priores
1078 4130 1374 4194 dicuntur
1418 4140 1634 4209 notae,
1678 4130 2442 4217 quatenuscomplexum,
2491 4140 2562 4193 ut
2602 4132 2779 4193 aiunt

567 4232 785 4320 logici,
830 4233 1067 4297 habent
1110 4235 1418 4299 minorem
1467 4235 1816 4320 eademque
1863 4234 1943 4300 de
1988 4255 2175 4307 causa
2212 4235 2509 4298 ambitum
2540 4233 2779 4297 habent

569 4336 939 4453 ampliorem
988 4348 1053 4402 et
1096 4341 1298 4425 magis
1339 4349 1488 4403 sunt
1525 4339 1937 4404 universales·
2006 4337 2137 4405 Sed
2168 4348 2349 4403 caute
2378 4338 2613 4424 ubique
2645 4339 2778 4401 Ari-
