3043 4973
1163 255 1246 324 H
1284 251 1352 324 2.
1439 252 1704 328 10430.
2385 259 2525 333 365

320 445 468 511 gen.
517 435 583 490 et
626 446 791 491 corr.
836 428 866 491 Ι
915 430 1000 494 10
1042 437 1105 492 et
1146 427 1225 493 ad
1272 433 1350 494 N
1383 432 1442 494 5.
1493 432 1703 495 1092a
1740 433 1887 514 24.)
1976 434 2305 498 Eiusmodi
2348 434 2529 500 diffe-

319 532 564 593 rentiae
625 540 786 615 quot
841 544 1014 611 sunt,
1076 532 1339 597 totidem
1399 534 1664 599 diversis
1723 538 1892 605 inter
1935 558 2004 600 se
2050 537 2528 623 significationi-

323 631 445 697 bus
488 636 693 719 ipsum
739 657 913 700 esse
952 647 1305 722 usurpatur,
1350 632 1427 702 τὸ
1466 640 1602 702 ἔστι
1635 641 2057 723 τοσαυταχῶς
2093 641 2346 723 λέγεται
2381 644 2526 721 ὂ25,

320 739 622 821 quoniam
660 738 811 822 quid
849 743 1012 804 sint
1046 739 1336 827 singulae
1372 763 1474 803 res
1510 764 1629 826 per
1662 743 1773 806 has
1811 742 2200 807 differentias
2237 744 2525 810 efficitur.

318 840 457 903 Hae
496 843 690 928 igitur
734 841 1133 926 differentiae
1171 843 1252 907 ad
1282 866 1517 908 summa
1551 845 1857 935 quaedam
1886 868 2124 933 genera
2154 847 2527 914 referendae

319 953 484 1021 sunt,
530 943 726 1008 veluti
771 944 851 1008 ad
895 942 1218 1033 ὑπεροχήν
1250 959 1315 1011 et
1344 948 1649 1036 ἔλλειψιν,
1694 951 1762 1012 in
1795 950 1893 1013 his
1925 950 2266 1036 generibus
2299 967 2542 1016 causae·

319 1056 384 1110 et
419 1049 728 1133 principia
761 1049 1122 1134 quaerenda
1153 1061 1315 1128 sunt,
1354 1073 1466 1116 cur
1505 1051 1784 1137 quidque
1822 1052 1888 1115 id
1928 1056 2011 1117 sit
2046 1052 2218 1138 quod
2258 1063 2368 1132 est,
2407 1045 2525 1119 af)-

315 1173 428 1214 ται
473 1147 673 1237 ἀρχαὶ
717 1154 980 1217 ἔσονται
1023 1155 1142 1218 τοῦ
1187 1151 1352 1218 εἶναι
1390 1155 1539 1232 b32,
1585 1159 1655 1218 ἐν
1699 1152 1955 1232 τούτοις
1994 1156 2302 1235 ζητητέον
2344 1159 2409 1221 τί
2446 1153 2523 1222 τὸ

317 1253 531 1319 αἴτιον
575 1255 696 1319 τοῦ
739 1248 905 1321 εἶναι
949 1251 1198 1321 τούτων
1248 1263 1527 1323 ἕκαστον
1566 1260 1675 1336 α3,
1721 1259 1847 1323 hoc
1892 1268 1991 1323 est
2035 1270 2269 1324 autem:
2319 1265 2381 1326 in
2427 1262 2524 1325 his

316 1357 679 1444 quaerenda
729 1369 824 1422 est
867 1358 1220 1424 substantia
1260 1363 1372 1425 a2.
1447 1363 1580 1426 Iam
1626 1384 1732 1427 eas
1778 1361 2031 1448 quidem
2069 1363 2319 1442 formaS,
2364 1385 2524 1450 quae

315 1484 508 1548 supra
553 1484 674 1548 pro
722 1461 1020 1548 exemplis
1065 1462 1384 1529 adhibitae
1428 1477 1605 1542 sunt,
1664 1465 1864 1530 veluti
1919 1465 2091 1550 μῖξις
2132 1469 2329 1544 θέσις
2364 1464 2525 1555 χρό-

313 1589 459 1643 νος,
516 1575 741 1651 utpote
800 1586 1020 1631 omnes
1072 1568 1408 1632 manifesto
1454 1568 1539 1633 ad
1583 1568 1912 1635 relativum
1958 1591 2160 1657 genus
2206 1576 2522 1658 pertinen·

314 1679 441 1748 teS,
499 1690 633 1734 non
691 1691 885 1755 posse
942 1682 1205 1755 apparet
1260 1672 1651 1737 substantiae
1708 1672 1827 1737 sibi
1884 1673 2207 1738 vindicare
2256 1672 2525 1762 dignita-

314 1783 470 1851 tem,
515 1794 599 1838 ne
644 1783 772 1837 tum
798 1772 1076 1858 *quidem
1119 1778 1173 1838 si
1220 1797 1357 1840 cum
1404 1776 1738 1842 substratis
1784 1781 1912 1842 suis
1958 1781 2335 1843 coniunctae
2380 1781 2523 1857 sint,

317 1875 513 1943 οὐσία
569 1879 687 1959 μὲν
747 1866 862 1942 οὖν
922 1873 1131 1943 οὐθὲν
1182 1873 1431 1944 τούτων
1475 1877 1624 1945 οὐδὲ
1671 1878 2191 1965 συνδυαζόμενον
2233 1884 2352 1960 α4,
2408 1881 2524 1948 sed

315 1980 788 2046 similitudinem
843 1989 1054 2044 tamen
1113 1981 1401 2048 referunt
1458 1983 1875 2061 substantiam
1935 1996 2123 2070 atque
2179 1985 2344 2052 hanc
2395 1985 2522 2049 for-

313 2106 507 2162 mam,
564 2084 986 2170 praedicatam
1047 2084 1127 2149 de
1186 2089 1442 2151 materia
1503 2081 1622 2168 (τὸ
1675 2090 1793 2167 τῆς
1834 2083 1993 2168 ὕλης
2036 2083 2522 2174 κατηγορούμε-

313 2210 436 2255 νον
475 2190 606 2268 αὸ)
654 2186 1087 2267 describimus,
1132 2177 1322 2276 quum
1367 2194 1738 2278 suscipimus
1783 2191 2052 2258 definire
2099 2214 2261 2277 quae
2306 2194 2387 2257 sit
2428 2194 2523 2256 rei

311 2304 541 2358 natura
586 2314 663 2356 ac
705 2292 1071 2370 substantia,
1113 2295 1422 2359 05—12.

447 2399 573 2462 1127
622 2389 697 2460 τὸ
744 2390 1220 2483 κρυστάλλῳ
1268 2394 1451 2463 εἶναι.
1542 2400 1841 2465 Dativum
1887 2395 2283 2488 κρυστάλλῳ,
2335 2420 2519 2485 quem

317 2499 806 2588 praeferendum
865 2521 1003 2564 esse
1047 2503 1186 2586 ipsa
1232 2507 1547 2568 sententia
1595 2504 1970 2590 comprobat
2018 2542 2096 2554 —
2147 2503 2523 2568 describitur

318 2610 485 2671 enim
532 2609 669 2692 ipsa
719 2604 971 2668 forma
1017 2607 1109 2667 rei
1157 2642 1238 2654 —
1286 2628 1418 2670 non
1466 2607 1750 2671 dubitavi
1798 2629 1834 2670 e
1879 2609 2329 2671 commentario
2376 2605 2522 2669 Ale-

312 2709 539 2776 xandri
581 2733 646 2796 p.
682 2709 831 2787 518,
876 2710 918 2774 3
964 2712 1250 2793 recipere
1295 2732 1414 2795 pro
1460 2708 1723 2797 vulgato
1771 2712 2152 2774 accusativo.
2241 2708 2521 2773 Similem

313 2817 383 2878 in
440 2812 696 2878 modum
757 2834 831 2876 ex
891 2812 1171 2879 eiusdem
1220 2813 1396 2878 Alex.
1457 2816 1833 2879 auctoritate
1891 2819 1989 2899 (p.
2031 2815 2177 2891 518,
2222 2814 2291 2876 2:
2353 2809 2523 2888 εἶδος

313 2912 445 3003 γὰρ
492 2914 694 2982 οὐδοῦ
735 2916 848 2979 καὶ
889 2909 966 2980 τὸ
1013 2912 1177 2981 εἶναι
1220 2914 1394 3001 οὐδῷ
1437 2911 1513 2984 τὸ
1554 2913 1757 2995 οὕτως
1794 2911 1998 2983 αὐτὸν
2033 2917 2309 2982 κεῖσθαί
2345 2918 2519 2996 ἐστι)

313 3022 588 3085 fortasse
633 3023 816 3083 etiam
863 3022 1146 3104 proxime
1192 3022 1634 3087 antecedentia
1670 3021 1866 3087 verba
1906 3008 2205 3085 mutanda
2241 3032 2406 3099 sunt,
2452 3029 2521 3085 ut

313 3125 653 3191 scribatur:
698 3125 811 3187 καὶ
854 3116 931 3187 τὸ
977 3120 1143 3215 εἶναι
1188 3123 1404 3209 αὐτῷ
1446 3120 1524 3191 τὸ
1571 3122 1775 3201 οὕτως
1813 3126 2102 3202 κεῖσθαι,
2146 3145 2520 3209 quamquam

315 3251 520 3318 genus
569 3227 820 3313 quidem
869 3237 1157 3293 neutrum
1205 3226 1399 3308 αὐτό,
1458 3229 1632 3315 quod
1689 3232 1755 3292 in
1812 3228 2069 3315 vulgata
2114 3226 2394 3291 lectione
2437 3226 2519 3290 ad

316 3329 513 3408 οὐδός
556 3331 959 3396 referendum
1008 3344 1120 3417 est,
1165 3354 1298 3397 non
1345 3332 1539 3398 debet
1583 3353 1702 3396 nos
1739 3352 2126 3418 magnopere
2166 3329 2517 3409 offendere,

316 3436 396 3500 cs.
428 3436 509 3500 ad
536 3437 599 3499 Z
626 3438 727 3500 10.
762 3438 966 3501 1035b
993 3439 1094 3500 15.
1121 3473 1207 3484 —-
1232 3439 1360 3501 ⁶33
1398 3433 1542 3502 οἷον
1577 3430 1661 3502 τὰ
1695 3437 1787 3517 τῷ
1820 3437 2079 3519 μᾶλλον
2111 3436 2245 3499 κτλ.
2300 3434 2519 3501 Verba

313 3551 586 3626 propter
642 3540 1013 3604 brevitatem
1073 3539 1326 3605 dicendi
1385 3540 1652 3604 obscura
1711 3539 1882 3604 hunc
1935 3539 2234 3615 videntur
2276 3542 2343 3603 in
2387 3559 2521 3603 mo-

315 3644 464 3709 dum
511 3643 866 3729 supplenda
913 3665 1080 3708 esse:
1140 3638 1284 3711 οἷον
1339 3638 1424 3709 τοὶ
1481 3647 1635 3728 γένη
1681 3637 1766 3708 τὰ
1810 3636 1973 3709 ὄντα
2018 3641 2199 3708 αἴτια
2241 3645 2351 3706 καὶ
2399 3639 2518 3729 ἁρ-

307 3750 428 3834 χαὶ
472 3750 563 3831 τῷ
606 3747 867 3831 μᾶλλον
910 3749 1024 3811 καὶ
1066 3737 1267 3826 ἧττον
1309 3750 1442 3813 κτλ.
1517 3744 1737 3812 πάντα
1782 3742 1910 3833 γὰρ
1969 3751 2179 3813 ταῦτα
2233 3739 2517 3830 ὑπεροχὴ

310 3854 427 3916 καὶ
472 3852 756 3940 ἔλλειψίς
801 3856 1052 3929 ἐστιν,
1110 3852 1170 3916 h.
1209 3872 1262 3914 e.
1308 3852 1465 3915 haec
1511 3853 1720 3915 omnia
1779 3848 2062 3937 ὑπεροχῇ
2118 3858 2181 3914 et
2236 3850 2520 3937 ἐλλείψει

315 3965 388 4020 ut
427 3959 680 4019 summis
720 3955 1062 4042 generibus
1101 3955 1538 4019 subiiciuntur.
1615 3959 1668 4018 εἰ
1713 3954 1781 4018 δέ
1827 3977 1891 4017 τι
1934 3948 2219 4038 σχήματι
2262 3947 2305 4031 ἢ
2349 3948 2517 4017 λειό-

230 4118 239 4121 2
313 4082 462 4137 τητι
506 4053 548 4137 ἢ
594 4054 942 4143 τραχύτητι
988 4060 1139 4138 (int.
1187 4059 1498 4146 διαφέρει,
1545 4056 1718 4142 quod
1766 4078 1841 4121 ex
1886 4059 2216 4143 superiore
2260 4061 2517 4122 nomine

314 4157 616 4250 διαφορά
658 4165 865 4247 repeti
910 4171 1139 4246 potest,
1186 4160 1289 4225 vel
1336 4160 1508 4247 quod
1557 4161 1732 4225 addit
1764 4160 1940 4224 Alex.
1987 4183 2049 4246 p.
2083 4161 2229 4239 518,
2274 4163 2384 4227 10:
2432 4166 2517 4225 εὶ-

313 4262 789 4350 δοποιούμενόν
826 4267 1022 4346 ἐστι),
1066 4259 1285 4328 πάντα
1326 4262 1517 4330 εὐθεῖ
1551 4267 1665 4331 καὶ
1703 4260 2035 4348 καμπύλῳ,
2078 4268 2189 4329 int.
2223 4263 2519 4351 διαφέρει

309 4370 419 4436 vel
454 4371 888 4436 εὶδοποιεῖται.
925 4406 1005 4422 --
1043 4370 1136 4432 ‹22
1173 4364 1216 4448 ἡ
1256 4365 1450 4435 οὐσία
1489 4373 1670 4435 αἰτία
1707 4371 1825 4435 τοῦ
1865 4364 2045 4448 εἶναι,
2084 4367 2160 4431 cf.
2201 4369 2263 4430 Z
2289 4369 2391 4432 17.
2434 4402 2514 4415 -
