3043 4973
1165 283 1244 355 A
1291 281 1361 355 4.
1435 278 1664 357 985³.
2422 281 2517 358 73

299 464 408 520 tur
450 456 533 522 Ν
568 455 631 521 4.
679 455 885 522 109Ῑὸ
910 459 951 525 4
995 477 1152 545 sqq„
1194 466 1406 523 tamen
1447 456 1605 523 illue
1645 476 1781 523 non
1825 464 2043 543 potest
2084 455 2325 537 referri,
2368 460 2519 544 quia

301 558 394 623 ibi
435 579 577 624 non
620 562 822 648 magis
868 582 1051 647 quam
1097 561 1224 625 hoc
1265 559 1417 626 loco
1462 559 1767 628 definitur
1805 580 1935 646 quo
1963 559 2199 627 ordine
2234 559 2397 626 alter
2431 560 2521 627 al-

303 671 510 728 terum
558 667 896 750 exceperit,
939 663 1056 730 sed
1101 667 1401 730 universe
1442 665 1610 730 hane
1651 667 2105 751 quaestionem,
2149 675 2222 732 ut
2245 664 2522 730 alienam

304 788 341 831 a
387 787 465 830 re
509 768 864 852 proposita,
909 766 1098 833 alium
1143 770 1211 832 in
1252 766 1467 833 locum
1512 767 1831 834 transfert.

438 870 607 935 984⁶
642 870 731 935 32
788 872 960 936 ἐπεὶ
1019 871 1101 937 δὲ
1142 872 1279 936 καὶ
1324 867 1729 937 τάναντία
1774 910 1864 923 -
1905 872 2074 941 985ae
2116 874 2200 939 lo
2243 866 2330 938 τὸ
2373 895 2519 939 κα-

303 968 473 1037 κόν.
549 972 702 1058 Qua
744 976 1233 1041 ratiocinatione
1276 973 1501 1040 ductus
1540 977 1952 1064 Anaxagoras
1997 984 2269 1041 mentem
2315 979 2522 1043 omnis

305 1078 747 1163 generationis
803 1081 1022 1164 posuit
1074 1081 1476 1165 principium,
1536 1078 1757 1144 eadem
1809 1079 1950 1144 fere
1994 1078 2250 1145 ductum
2295 1080 2523 1167 Empe-

304 1178 601 1259 doclem,
642 1179 920 1245 adhibita
968 1181 1048 1249 ad
1096 1182 1676 1249 considerationem
1722 1185 1958 1269 pariter
2000 1192 2266 1248 naturae
2310 1183 2523 1248 defor-

303 1286 558 1361 mitate,
627 1282 860 1370 duplex
923 1288 1219 1372 posuisse
1285 1289 1663 1374 principium
1723 1284 2099 1351 Aristoteles
2161 1284 2519 1353 arbitratur.

306 1386 684 1474 Collegisse
729 1387 855 1453 boc
896 1389 1150 1467 videtur
1194 1389 1577 1457 Aristoteles
1622 1388 1729 1454 vel
1774 1411 1848 1455 ex
1891 1392 1968 1456 iis
2015 1389 2341 1476 epithetiS,
2384 1394 2518 1477 qui-

303 1489 427 1556 bus
473 1489 907 1578 Empedocles
947 1493 1194 1560 Φιλίαν
1237 1504 1303 1561 et
1322 1496 1575 1570 Νεῖκος
1619 1492 1934 1572 describit,
1978 1515 2167 1579 quum
2212 1493 2386 1561 illam
2429 1495 2524 1561 di-

304 1598 395 1660 cit
436 1596 804 1685 ἑπίφρονα,
858 1596 1238 1680 θεμερῶπιν
1280 1619 1342 1663 v.
1392 1598 1537 1663 146.
1587 1598 1672 1662 12
1717 1596 1924 1677 Sturz,
1981 1597 2107 1661 hoc
2161 1593 2524 1683 οὐλόμενον

304 1722 366 1763 v.
413 1701 525 1764 30.
567 1701 673 1776 51,
726 1695 1131 1784 μαινόμενον
1172 1724 1233 1766 v.
1265 1702 1327 1780 8,
1381 1695 1626 1784 λυγρόν
1667 1723 1727 1766 v.
1758 1700 1908 1779 32⁰,
1953 1696 2272 1785 αἱματόεν
2313 1725 2374 1766 v.
2420 1705 2521 1783 12,

304 1801 415 1867 vel
443 1801 598 1867 inde
630 1800 805 1888 quod
834 1805 1060 1869 unitati
1091 1804 1360 1892 sphaeri,
1392 1806 1703 1871 amicitiae
1725 1806 1791 1873 vi
1820 1805 2215 1883 coniunctae,
2244 1803 2521 1875 divinam

304 1909 710 1993 potissimum
752 1917 1039 1974 naturam
1076 1905 1501 1997 Empedocles
1542 1908 1798 1973 videtur
1837 1909 2215 1994 assignasse,
2256 1907 2337 1974 cf.
2370 1909 2436 1975 B
2459 1912 2521 1975 4.

308 2011 517 2075 10006
546 2011 592 2075 3
636 2031 773 2096 sqq.
863 2011 992 2078 Sed
1037 2022 1243 2078 utrum
1286 2023 1464 2077 recte
1511 2020 1578 2077 et
1621 2030 1696 2077 ex
1741 2013 1881 2098 ipsa
1927 2008 2338 2097 Empedoclis
2380 2032 2524 2083 seu-

305 2116 507 2178 tentia
538 2112 669 2178 hoc
697 2111 1035 2203 collegerit
1055 2114 1452 2195 Aristoteles,
1480 2118 1620 2182 iure
1651 2115 1899 2185 dubitat
1918 2111 2192 2180 Brandis
2217 2115 2449 2182 Gescb.
2471 2118 2522 2185 1.

306 2238 373 2304 p.
420 2219 587 2293 1993
639 2214 893 2283 videtur
948 2222 1113 2284 enim
1173 2218 1430 2285 duobus
1483 2220 1582 2285 his
1630 2220 1958 2306 principiis
2007 2218 2358 2285 naturalem
2409 2241 2523 2307 po-

306 2323 431 2386 tius
477 2340 666 2406 quam
710 2320 1017 2386 moralem
1062 2332 1127 2387 et
1168 2320 1425 2388 finalem
1472 2325 1599 2387 vim
1639 2319 2067 2410 Empedocles
2109 2324 2524 2412 significasse,

305 2428 394 2490 ita
440 2422 702 2512 quidem
748 2433 820 2489 ut
860 2429 1194 2513 generatio
1240 2428 1309 2492 in
1350 2426 1508 2493 duas
1548 2424 1982 2516 coniungendi
2020 2434 2085 2492 et
2120 2425 2523 2517 disiungendi

304 2533 474 2594 vires
519 2530 751 2615 partita
796 2528 916 2593 hac
959 2532 1099 2617 ipsa
1142 2533 1487 2617 partitione
1536 2531 1901 2619 explicetur,
1945 2549 2079 2604 non
2123 2531 2372 2600 sublata
2416 2554 2524 2598 en-

307 2635 390 2697 tis
434 2630 812 2697 immutabili
857 2643 1101 2698 natura.
1137 2670 1216 2685 -
1266 2632 1637 2722 Collegisse
1683 2644 1892 2701 autem
1937 2654 2077 2699 sese
2121 2636 2248 2701 hoc
2283 2657 2359 2700 ex
2393 2656 2524 2700 car-

306 2735 584 2802 minibus
639 2734 1053 2822 Empedoclis
1122 2758 1245 2801 nec
1312 2748 1552 2806 certum
1614 2742 1748 2805 eius
1807 2740 2238 2806 testimonium
2291 2737 2525 2803 afferre

308 2861 542 2927 posse,
598 2839 727 2903 hoc
782 2849 959 2905 certe
1001 2838 1153 2906 loco
1201 2841 1672 2922 (confidentius
1718 2846 1885 2908 enim
1927 2840 2083 2910 alibi
2124 2841 2295 2910 idem
2340 2845 2527 2930 ponit

304 2947 381 3010 A
431 2946 539 3008 10.
589 2944 800 3010 1⁰75a
838 2945 945 3010 36.
986 2945 1113 3024 ⁶2)
1169 2944 1488 3034 significat
1540 2948 1755 3013 verbis
1811 2950 1865 3012 εὶ
1919 2942 2049 3032 γάρ
2104 2965 2203 3023 τις
2241 2944 2524 3014 ἀκολου-

309 3048 483 3126 θοίη
534 3083 616 3100 —-
669 3045 1099 3132 Ἐμπεδοκλῆς
1132 3050 1243 3116 ⁶4.
1288 3052 1364 3128 5,
1422 3051 1533 3116 ubi
1580 3050 1833 3139 quidem
1880 3048 1960 3114 ad
2006 3050 2204 3117 verba
2245 3048 2525 3117 ἀκολου-

309 3152 485 3231 θοίη
548 3160 616 3215 et
669 3147 1005 3236 λαμβάνοι
1058 3152 1380 3218 obiectum
1438 3149 1486 3219 οἳ
1530 3157 1699 3239 λέγει
1750 3153 1925 3240 Ἐμπ.
1971 3152 2382 3240 repetendum
2429 3163 2528 3219 est

309 3276 347 3319 e
396 3252 615 3318 verbis
670 3251 839 3339 πρὸς
895 3248 941 3318 ἃ
984 3256 1361 3346 ψελλίζεται
1402 3258 1609 3343 λέγων
1656 3256 1833 3342 Ἐμπ.
1924 3258 2196 3322 Veteres
2241 3256 2527 3343 pbiloso7

308 3358 480 3446 phos
529 3359 710 3444 quasi
754 3368 1020 3445 propter
1062 3359 1387 3426 infantiam
1422 3365 1571 3426 artis
1610 3361 1927 3427 balbutire
1964 3359 2116 3428 alibi
2153 3363 2338 3425 etiam
2376 3382 2526 3446 que-

308 3466 476 3527 ritur
520 3461 922 3541 Aristoteles,
969 3465 1074 3528 10.
1120 3466 1289 3530 9930
1328 3467 1429 3543 15,
1472 3465 1752 3552 ideoque
1801 3485 1961 3550 quae
2007 3463 2400 3530 subobscure
2446 3468 2529 3529 si-

302 3566 730 3655 gnificarunt,
775 3569 938 3644 1113,
999 3590 1187 3651 quum
1246 3567 1329 3632 ad
1385 3579 1585 3634 certas
1631 3579 1698 3634 et
1740 3590 1887 3633 suas
1931 3567 2182 3654 quidem
2228 3572 2528 3636 notiones

306 3670 639 3759 redigeret
683 3673 710 3750 (
724 3670 1099 3756 διαρθροῦν
1140 3673 1204 3737 5.
1239 3674 1403 3738 9861»
1425 3676 1486 3739 6.
1546 3674 1610 3739 8.
1654 3674 1821 3739 9890
1846 3674 1952 3740 32.
1988 3674 2134 3753 ⁶5),
2178 3695 2372 3761 saepe
2418 3674 2527 3739 ali-

311 3785 620 3862 quantum
665 3775 1032 3839 immutavit.

444 3878 617 3943 985⁶
644 3880 731 3942 10
767 3867 997 3944 οὗτοι
1028 3877 1173 3962 μὲν
1211 3868 1356 3946 οὖν
1392 3915 1475 3932 «-
1506 3884 1595 3946 29
1632 3880 2226 3966 διακρίνεσθαι
2258 3876 2527 3948 πάλιν.

314 3985 467 4047 Tria
517 4003 849 4048 causarum
894 4003 1135 4070 genera
1187 3985 1446 4050 inventa
1493 4007 1634 4050 esse
1680 4008 1718 4050 a
1759 3983 2082 4050 veteribus
2127 3984 2530 4071 pbilosophis

314 4096 504 4152 antea
552 4089 865 4172 exposuit,
912 4090 1233 4152 materiam
1278 4090 1343 4154 3.
1388 4090 1553 4154 983b
1589 4091 1651 4168 6,
1693 4110 1946 4154 causam
1991 4091 2316 4157 motricem
2361 4090 2531 4154 9842

319 4193 418 4270 18,
461 4187 724 4255 finalem
762 4192 926 4256 9841»
960 4192 1024 4256 8.
1100 4191 1229 4258 Sed
1274 4194 1575 4279 quoniam
1612 4191 1869 4259 finalem
1910 4194 2204 4281 principii
2243 4202 2527 4259 naturam

311 4320 348 4361 a
387 4297 654 4361 motrice
690 4316 825 4360 nou
859 4307 1293 4383 segregarunt,
1327 4300 1491 4364 9841>
1515 4299 1621 4377 20,
1667 4308 1732 4362 et
1776 4306 1994 4384 aperte
2040 4300 2365 4364 matricem
2405 4317 2531 4360 ma·

312 4404 414 4489 gis
468 4420 662 4487 quam
721 4400 1023 4466 moralem
1082 4423 1309 4467 causae
1360 4406 1486 4468 vim
1534 4410 1931 4489 spectarunt,
1985 4403 2109 4468 iam
2155 4399 2287 4466 duo
2331 4398 2527 4467 modo
