3043 4973
1142 253 1251 325 M
1286 245 1359 321 2.
1442 247 1712 325 10770.
1939 296 1950 300 ·
2382 251 2520 327 531

320 447 486 512 quae
508 423 616 490 vel
640 422 935 490 sensibus
960 423 1067 489 vel
1089 435 1302 491 mente
1330 428 1791 512 concipiuntur,
1815 425 2300 493 innumerabilia
2323 446 2525 514 eaque

319 531 487 594 inter
530 548 602 593 se
648 528 897 594 diversa
942 529 1251 595 unitatum
1296 528 1577 616 ideoque
1621 532 1810 595 etiam
1843 551 2249 597 numerorum
2285 552 2524 619 genera

323 642 616 719 repetere
660 631 782 697 sibi
827 631 1102 701 videtur:
1156 633 1222 698 id
1267 635 1356 701 ita
1398 633 1651 699 demum
1696 655 1849 702 vere
1892 634 2150 701 caderet
2188 637 2257 701 in
2303 633 2524 701 adver-

319 739 539 816 sarios,
570 737 624 800 si
655 758 729 800 ex
760 735 1125 802 diversitate
1153 759 1361 802 rerum
1395 759 1628 816 earum,
1668 737 1895 823 quibus
1925 740 2286 827 assignatur
2316 758 2526 804 essen-

320 843 447 906 tiae
492 843 731 920 unitas,
775 843 976 927 ipsius
1024 843 1280 906 unitatis
1306 840 1432 906 ⁴vel
1474 840 1835 907 voluissent
1875 840 1986 907 vel
2027 845 2388 928 potuissent
2425 864 2528 908 re·

319 954 541 1032 petere
586 943 1032 1010 diversitatem.
1122 943 1253 1010 Sed
1298 943 1486 1010 facile
1533 946 1641 1012 Ar.
1689 943 1920 1012 adduci
1964 955 2233 1033 poterat,
2284 956 2357 1012 ut
2399 945 2530 1013 hoe

320 1051 627 1135 consequi
686 1071 762 1113 ex
812 1051 1130 1114 sententia
1179 1047 1684 1115 adversariorum
1729 1060 1999 1135 putaret,
2043 1053 2343 1135 quoniam
2388 1053 2526 1137 ipse

319 1155 622 1219 unitatem
665 1174 808 1218 cum
853 1161 1096 1239 puncto
1140 1150 1516 1240 plerumque
1559 1156 1647 1218 ita
1686 1155 2040 1241 coniungit,
2082 1163 2156 1220 ut
2189 1163 2526 1241 utrumque

319 1256 492 1322 dicat
523 1253 920 1341 ἀδιαίρετον,
964 1255 1079 1323 sed
1124 1254 1391 1322 alterum
1435 1252 1661 1334 θετόν,
1703 1255 1968 1323 alteram
2008 1251 2281 1337 ἄθετον,
2327 1258 2407 1327 cf.
2444 1256 2526 1323 ad

317 1363 465 1426 ao.
499 1362 703 1427 1016ῠ
725 1361 832 1426 30.

449 1465 534 1543 2)
583 1465 785 1531 10761)
811 1466 1229 1531 39—1077a
1258 1467 1361 1529 14.
1438 1464 1699 1529 Praeter
1743 1485 1819 1529 ea
1863 1482 2107 1551 genera
2150 1484 2360 1530 rerum
2402 1485 2531 1530 ma-

317 1568 805 1646 thematicamm,
844 1589 1008 1653 quae
1041 1570 1263 1654 posuit
1288 1567 1494 1648 Plato,
1533 1566 1655 1633 alia
1692 1570 1956 1655 insuper
1991 1576 2177 1634 erunt
2210 1567 2529 1654 ponenda,

318 1675 374 1739 si
418 1674 540 1739 sibi
581 1671 863 1739 voluerit
914 1676 1054 1760 ipse
1110 1684 1423 1739 constare.
1511 1673 1609 1738 Ac
1649 1674 1915 1760 primum
1960 1671 2212 1757 quidem
2259 1693 2367 1737 eas
2406 1693 2528 1752 res,

319 1797 482 1864 qnae
540 1774 893 1862 applicatae
948 1777 1247 1842 mathesis
1307 1774 1653 1864 disciplinis
1712 1774 2040 1841 subiectae
2095 1772 2279 1854 sunt,'
2320 1774 2528 1843 veluti

319 1882 747 1947 astronomiae
784 1881 1040 1967 opticae
1078 1882 1502 1958 harmonicae,
1545 1878 1817 1965 perinde
1852 1888 2041 1966 atque
2070 1881 2240 1965 ipsas
2269 1901 2376 1947 res
2403 1880 2530 1945 ma-

317 1984 683 2051 thematicas
738 1983 1231 2050 substantiarum
1280 1987 1348 2049 in
1400 2003 1665 2050 numero
1711 1981 2037 2049 habendas
2081 1982 2224 2048 fore
2267 1982 2529 2051 uberius

321 2091 616 2175 exposuit
659 2093 731 2153 ἑν
774 2098 935 2165 τοῖς]
954 2083 1382 2175 ἀπορήμασιν
1422 2090 1580 2167 ὺ39,
1627 2091 1671 2153 i.
1706 2107 1763 2151 e.
1806 2086 1876 2151 B
1909 2087 1975 2151 2.
2015 2088 2177 2153 997⁶
2209 2088 2529 2164 12-343

320 2193 495 2279 quod
542 2214 655 2258 cur
697 2212 833 2259 non
876 2193 1083 2279 possit
1122 2190 1286 2271 fieri,
1326 2192 1649 2281 significat
1688 2190 1788 2256 his
1823 2189 2035 2259 verbis
2071 2186 2192 2257 ³4:
2238 2192 2389 2276 ἔχον
2432 2192 2530 2255 κί-

317 2318 528 2378 νησιν,
571 2297 1049 2362 mathematicae
1095 2298 1257 2363 enim
1303 2316 1407 2361 res
1452 2295 1811 2362 immobiles
1854 2304 2033 2376 sunt,
2077 2295 2158 2361 cf.
2208 2296 2411 2362 1076⁶
2441 2296 2528 2361 21

321 2412 386 2467 et
418 2400 502 2466 ad
531 2400 601 2466 B
636 2399 754 2466 1.1.
790 2438 869 2452 —
919 2399 1049 2465 Sed
1095 2399 1344 2466 accedit
1386 2398 1674 2465 alterum.
1749 2401 2001 2465 Etenim
2047 2420 2150 2465 res
2195 2399 2531 2466 mathema·

320 2510 477 2574 ticas
519 2526 643 2592 pro
690 2504 1057 2570 substantiis
1106 2526 1246 2570 esse
1291 2503 1649 2583 habendas,
1706 2502 1858 2572 licet
1900 2502 2064 2572 infra
2108 2502 2393 2571 idearum
2440 2504 2532 2570 di-

324 2612 653 2697 gnitatem,
698 2616 1039 2694 propterea
1086 2611 1334 2674 censuit
1363 2609 1570 2687 Plato,
1613 2618 1685 2673 ut
1719 2611 2022 2674 scientiae
2055 2608 2532 2674 mathematicae

323 2723 559 2790 certum
606 2711 926 2799 quidpiam
961 2721 1031 2776 et
1067 2710 1456 2778 immutabile
1492 2711 1845 2778 subiectum
1885 2714 1982 2792 sit,
2028 2733 2162 2798 quo
2199 2711 2529 2778 referatur.

321 2817 451 2884 Iam
510 2819 808 2903 quoniam
864 2815 1161 2882 mathesis
1221 2836 1356 2880 non
1408 2814 1607 2882 modo
1652 2815 1735 2880 de
1779 2817 2166 2903 corporibus
2206 2815 2414 2902 planis
2457 2814 2533 2881 li-

319 2923 460 2988 neis
515 2924 770 3007 punctis
829 2923 1106 2986 numeris
1165 2920 1532 3008 singillatim
1592 2923 1752 3008 agit,
1809 2921 1925 2988 sed
1977 2919 2294 2988 nonnulla
2347 2922 2532 2986 etiam

322 3029 633 3092 axiomata
693 3029 990 3091 universe
1047 3028 1282 3092 statuit.
1321 3018 1690 3113 (γράφεται
1732 3027 1873 3092 ἔνια
1918 3022 2226 3094 καθόλου
2263 3026 2403 3106 ⁸9)
2448 3023 2532 3090 de

323 3132 619 3200 omnibus
664 3128 1226 3219 magnitudinibus,
1270 3128 1446 3196 nulla
1493 3126 1876 3196 diversitatis
1924 3150 2135 3196 earum
2177 3127 2397 3194 habita
2441 3149 2538 3192 ra-

322 3238 529 3313 tione,
578 3235 676 3298 his
725 3237 911 3299 etiam
956 3231 1510 3319 propositionibus
1557 3232 1947 3300 universales
1993 3230 2301 3319 quaedam
2343 3231 2535 3296 subii·

325 3338 591 3404 ciendae
630 3347 817 3404 erunt
847 3336 1254 3415 substantiae,
1294 3357 1458 3422 quae
1492 3335 1782 3402 similiter
1811 3358 1888 3400 ac
1915 3358 2020 3402 res
2055 3336 2533 3402 mathematicae

322 3442 598 3508 medium
657 3439 968 3527 quendam
1030 3444 1197 3505 inter
1250 3439 1427 3506 ideas
1488 3450 1553 3505 et
1607 3439 1932 3508 sensibilia
1990 3440 2202 3506 locum
2259 3438 2535 3504 habeant

325 3543 566 3629 (οὐσία
608 3539 855 3628 μεταξύ
893 3545 1102 3624 all),
1161 3544 1275 3608 sed
1322 3543 1400 3607 ab
1447 3543 1608 3608 ideis
1655 3558 1720 3609 et
1765 3567 1801 3608 a
1846 3545 2294 3610 mathematicis
2341 3542 2534 3608 rebus

324 3649 662 3720 distinctae
705 3649 849 3712 sint.
1410 3709 1419 3718 f
2001 3699 2006 3704 .

393 3818 396 3821 ,
453 3756 541 3832 3)
588 3753 797 3822 10774
824 3752 1127 3816 14-36,
1195 3751 1521 3818 Adversus
1552 3750 1840 3820 Platonis
1879 3751 2113 3838 placita
2145 3750 2254 3816 Ar.
2293 3759 2359 3815 et
2393 3770 2531 3816 sen·

323 3879 504 3924 suum
549 3860 749 3926 utitur
793 3853 1112 3920 evidentia
1152 3864 1223 3919 et
1265 3854 1453 3922 simul
1497 3856 1831 3922 notissimo
1883 3853 2001 3922 illo
2058 3857 2402 3932 axiomate,
2460 3873 2536 3920 ex

326 3983 471 4048 quo,
517 3962 818 4047 quoniam
864 3961 1000 4045 ipsa
1044 3969 1267 4032 natura
1312 3958 1394 4024 ad
1429 3980 1733 4024 summum
1770 3957 2012 4024 bonum
2043 3957 2267 4036 tendit,
2295 3959 2534 4043 imper-

324 4064 594 4130 fectiora
637 4066 1059 4152 generatione
1102 4066 1332 4149 priora,
1376 4074 1599 4127 natura
1647 4064 2004 4149 posteriora
2050 4065 2180 4127 sint
2217 4061 2536 4147 perfectis,

324 4172 481 4247 «119,
527 4167 608 4232 cf.
657 4167 737 4232 de
775 4166 962 4233 coelo
1002 4167 1031 4231 Ι
1064 4168 1127 4232 2.
1165 4168 1332 4231 269a
1361 4169 1462 4231 19.
1524 4165 1607 4230 de
1637 4187 1785 4254 gen.
1817 4186 1917 4231 an.
1951 4166 2011 4232 11
2050 4168 2107 4229 1.
2145 4167 2313 4229 6461:
2337 4165 2424 4229 25
2472 4173 2537 4227 et

326 4271 406 4337 ad
447 4271 504 4337 Θ
534 4273 594 4336 Β.
630 4273 840 4335 105οα
866 4273 925 4335 4.
995 4271 1110 4335 His
1149 4292 1298 4335 usus
1335 4271 1600 4358 primum
1638 4268 1889 4336 confert
1925 4270 2358 4334 mathematica
2399 4288 2540 4331 cor-
2601 4305 2608 4314 «

323 4397 483 4464 pora
532 4396 671 4440 cum
719 4373 1129 4454 naturalibus,
1171 4376 1526 4442 alai-20.
1604 4375 2049 4444 Mathematica
2096 4376 2311 4459 priora
2345 4369 2534 4440 Plato

2021 4477 2130 4531 34·
