3043 4973
1142 264 1210 333 A
1259 260 1376 333 20.
1462 260 1730 336 10221).
2389 260 2535 335 267

331 446 450 514 tur,
495 458 617 500 nec
660 439 1025 502 varietatem
1073 460 1222 502 usus
1267 441 1601 524 perspicue
1650 442 1928 524 exponit.
2004 437 2200 523 Quod
2242 442 2406 502 enim
2445 439 2537 503 di·

332 543 448 603 cit:
495 532 539 619 ἢ
583 535 753 603 κατὰ
798 535 1005 605 τόπον
1048 535 1091 620 ἢ
1135 535 1305 606 κατὰ
1350 536 1717 634 δύναμινιῆ
1760 538 1904 606 κατ’
1943 537 2129 618 εἶδος,
2175 544 2374 627 prima
2409 546 2539 627 qui·

331 643 475 707 dem
525 643 822 708 vocabuli
868 647 964 708 vis
1009 641 1315 720 διάθεσις
1357 639 1530 708 κατά
1575 640 1783 710 τόπον
1830 648 1982 710 satis
2030 654 2127 709 est
2169 646 2391 731 plana3
2450 657 2540 710 at-

333 769 456 833 que
502 746 729 825 altera,
774 749 852 839 τῇ
895 742 1065 812 κατὰ
1108 743 1390 833 δύναμιν
1435 749 1765 827 διαθέσει,
1818 749 2069 813 videtur
2115 748 2218 812 vel
2264 749 2539 814 diversa-

332 873 471 916 rum
514 854 742 915 virium
788 854 853 915 in
894 873 1024 917 uno
1063 874 1337 938 corpore
1374 855 1849 917 coniunctarmn
1890 856 1940 916 is
1975 853 2320 939 significari
2358 853 2538 930 ordo,

337 978 411 1018 ex
456 975 585 1040 quo
631 955 827 1018 altera
874 960 1167 1041 superior
1212 967 1309 1020 est
1354 955 1551 1020 altera
1597 956 1886 1034 inferior,
1931 956 2091 1021 haec
2133 956 2323 1022 latius
2365 968 2542 1043 patet

334 1057 442 1122 illa
491 1061 685 1123 artius
734 1063 1203 1146 circumscripta
1253 1072 1376 1137 est,
1436 1070 1501 1124 et
1547 1082 1709 1145 quae
1754 1071 1902 1125 sunt
1946 1059 2199 1134 similia,
2246 1084 2408 1146 quae
2452 1061 2540 1126 fa·
2582 1073 2593 1118 i

336 1161 456 1226 eile
493 1183 564 1226 ex
599 1163 1002 1228 Aristotelica
1053 1165 1134 1229 de
1180 1168 1386 1229 anima
1433 1162 1719 1228 doctrina
1770 1164 2072 1251 exemplis
2118 1163 2413 1242 illustreS‚
2461 1167 2538 1230 cf.

338 1266 512 1330 Alex.
558 1266 638 1330 ad
685 1268 745 1330 h.
792 1266 863 1344 1.,
919 1267 1024 1332 vel
1084 1268 1470 1333 diversarum
1529 1272 1798 1355 partium
1859 1291 1933 1333 ea
1991 1268 2359 1354 dispositi0‚
2417 1290 2540 1354 qua

337 1392 579 1455 corpus
626 1369 706 1433 ad
767 1371 1081 1459 agendum
1143 1371 1375 1458 aliquid
1435 1374 1882 1460 patiendumve
1941 1374 2242 1437 idoneum
2298 1372 2399 1448 fit,
2460 1372 2540 1436 cf.

339 1476 441 1539 12.
491 1477 693 1540 1019b
736 1477 803 1539 4:
850 1478 969 1540 νῦν
1012 1476 1081 1541 δὲ
1128 1478 1252 1560 ἔχει
1295 1472 1445 1541 τινὰ
1491 1474 1802 1542 διάθεσιν
1844 1480 1954 1541 καὶ
2001 1481 2224 1541 αἰτίαν
2268 1478 2378 1540 καὶ
2422 1475 2541 1557 ἀρ-

330 1573 459 1662 χὴν
500 1579 623 1643 τοῦ
664 1573 965 1645 τοιούτου
1009 1576 1297 1656 πάθους.
1389 1581 1670 1645 Dubium
1714 1602 1872 1645 vero
1922 1592 2045 1660 est,
2092 1578 2278 1667 quale
2324 1577 2544 1643 volue-

336 1687 420 1746 rit
475 1684 726 1746 tertium
787 1682 1155 1759 διαθέσεως
1211 1706 1415 1771 genus
1467 1685 1764 1771 intelligi.
1864 1684 2223 1749 Alexander
2279 1684 2542 1748 somnam

334 1808 541 1851 rerum
602 1785 994 1851 sensibilium
1051 1799 1235 1873 putat
1293 1788 1637 1876 significari
1696 1789 1814 1866 (cf.
1864 1813 1924 1875 p.
1962 1791 2110 1866 382,
2154 1791 2269 1852 25:
2329 1781 2372 1866 ἢ
2421 1780 2545 1865 τὴν

335 1885 504 1954 κατὰ
563 1884 640 1954 τὸ
701 1883 872 1966 εἶδός
925 1913 996 1955 τε
1056 1894 1167 1954 καὶ
1226 1886 1348 1970 τὴν
1398 1889 1697 1982 μορφήν,
1757 1890 1842 1969 ὡς
1887 1888 2052 1957 ὅταν
2096 1894 2379 1976 λέγωμεν
2423 1884 2547 1969 τὴν

336 1996 453 2059 τοῦ
498 1990 893 2080 ἀνδριάντος
939 1990 1250 2059 διάθεσιν
1296 1989 1337 2074 ἢ
1379 1997 1498 2074 τῆς
1542 1991 1856 2077 εἰκόνος),
1915 1996 2026 2059 sed
2084 1995 2148 2059 id
2212 2000 2263 2060 si
2308 1994 2546 2058 voluis-

336 2108 437 2162 set
480 2098 693 2162 dicere
733 2098 1127 2176 AristoteleS,
1175 2098 1253 2163 ad
1303 2121 1442 2164 voc.
1492 2093 1664 2175 εἶδος
1708 2099 2059 2178 adiecisset,
2104 2103 2358 2185 opinor,
2400 2120 2544 2163 voc.

338 2197 587 2291 μορφή,
634 2212 700 2266 et
742 2207 975 2268 rectius
1019 2203 1311 2288 profecto
1357 2204 1483 2267 hoc
1527 2226 1731 2292 genus
1776 2224 1915 2268 cum
1951 2207 2160 2291 primo
2193 2205 2547 2267 coniunxis-

336 2315 449 2371 set.
525 2307 750 2391 Aptius
796 2304 1050 2370 videtur
1093 2311 1361 2395 cogitari
1408 2330 1599 2394 posse
1646 2307 1727 2372 de
1774 2307 1999 2372 ordine
2044 2310 2295 2394 generis
2336 2317 2400 2370 et
2430 2306 2547 2370 ‹lif-

336 2410 742 2474 ferentiarum
775 2412 838 2473 in
872 2409 1270 2475 conficienda
1300 2416 1585 2492 notione,
1619 2412 1695 2476 cf.
1724 2414 1843 2476 An.
1866 2424 2030 2498 post.
2061 2412 2117 2474 11
2152 2413 2253 2476 13.
2281 2413 2403 2476 97³
2430 2411 2543 2475 23:

338 2521 427 2592 εὶς
472 2515 538 2580 δὲ
586 2514 661 2579 τὸ
707 2511 1209 2593 κατασκευάζειν
1255 2513 1415 2602 ὅρον
1459 2510 1571 2581 διά
1620 2518 1746 2580 τῶν
1792 2516 2169 2600 διαιρέσεων
2211 2516 2408 2600 τριῶν
2452 2514 2549 2579 δεῖ

341 2616 820 2703 στοχάζεσθαι,
876 2618 997 2682 τοῦ
1043 2618 1271 2701 λαβεῖν
1317 2614 1403 2682 τὰ
1446 2614 1988 2702 κατηγορούμενα
2035 2623 2105 2680 ὲν
2150 2619 2241 2699 τῷ
2286 2619 2350 2680 τί
2395 2622 2547 2693 ἐστι,

336 2723 450 2786 καὶ
505 2723 715 2785 ταῦτα
774 2717 1020 2800 τάξαι
1075 2724 1139 2785 τί
1192 2725 1453 2806 πρῶτον
1511 2715 1556 2800 ἢ
1613 2717 1944 2807 δεύτερον,
2006 2723 2117 2784 καὶ
2177 2717 2280 2784 ὅτι
2335 2719 2546 2784 ταῦτα

337 2821 571 2903 πάντα,
620 2836 685 2889 et
730 2823 810 2889 ad
855 2826 918 2887 Z
948 2826 1053 2890 12.
1096 2826 1434 2891 10381132.
1512 2824 1792 2890 Similem
1839 2828 1903 2888 in
1950 2824 2204 2889 modum
2244 2822 2545 2887 Trendel.

340 2929 595 2993 videtur
639 2931 799 2992 haec
841 2928 1033 2992 verba
1081 2928 1465 2994 intellexisse
1502 2931 1649 2994 Kat.
1698 2953 1760 3015 p.
1794 2932 1907 2994 96:
1955 2930 2091 2993 und
2131 2952 2314 2992 weum
2363 2938 2549 2991 unter-

336 3031 480 3098 κατ’
523 3030 691 3108 εἶδος
736 3033 844 3095 die
893 3033 1221 3117 Ordmmg
1265 3034 1380 3098 des
1424 3033 1739 3123 Begrvffa
1783 3056 1865 3097 zu
1909 3032 2242 3098 versichert
2288 3035 2397 3112 ist,
2442 3032 2551 3095 die

338 3136 480 3201 siclt
533 3140 605 3201 in
663 3137 790 3200 den
852 3135 1260 3201 Merkmalen
1321 3139 1421 3201 ala
1479 3143 1705 3202 &einen
1759 3137 2029 3201 ΤΙιεεἸειι
2088 3136 2418 3214 daretem,
2473 3156 2549 3198 so

339 3244 427 3305 ist
473 3241 768 3305 dadurch
812 3241 935 3305 das
992 3242 1236 3306 Wesen
1283 3242 1478 3305 selbot
1523 3244 1946 3305 determinirt.

472 3345 576 3408 De
623 3347 891 3408 notione
940 3345 1343 3410 Aristotelica
1399 3349 1517 3424 τῆς
1573 3345 1940 3421 διαθέσεως
1998 3352 2291 3408 accurate
2338 3339 2553 3427 dispu-

339 3459 553 3514 tarunt
594 3448 898 3513 Trendel.
947 3448 1026 3513 de
1074 3472 1172 3513 an.
1221 3473 1278 3535 p.
1309 3451 1460 3514 366.
1523 3450 1669 3513 Kat.
1710 3448 1752 3513 l.
1797 3448 1835 3512 l.
1897 3449 2123 3512 Waitz
2153 3447 2314 3534 Org.
2346 3447 2548 3510 8⁶35.

339 3554 528 3617 Biese
573 3555 620 3618 1.
668 3577 731 3639 p.
764 3555 867 3618 75.

1213 3727 1441 3803 CAP.
1506 3727 1674 3800 XX.

458 3867 670 3949 Ἕξις
727 3873 1025 3957 primum,
1084 3883 1154 3934 ut
1210 3891 1445 3935 nomen
1489 3870 1781 3949 verbale,
1837 3875 2037 3956 ipsam
2084 3868 2406 3955 significat
2449 3868 2556 3933 ha-

337 3973 534 4037 bendi
597 3978 941 4050 actionem,
1003 3967 1125 4052 τὴν
1186 3976 1309 4038 τοῦ
1368 3976 1631 4058 ἔχοντος
1687 3976 1798 4037 καὶ
1857 3976 2171 4058 ἐχομένου
2229 3976 2557 4057 ἐνέργειαν

335 4079 635 4143 bct—11.
730 4077 990 4143 Deinde
1050 4075 1174 4156 ἕξις
1232 4077 1462 4142 dicitur
1507 4076 1827 4162 quaelibet
1872 4073 2211 4154 διάθεσις,
2266 4074 2432 4141 καθ’
2470 4070 2556 4155 ἢν

295 4266 300 4271 ¹
339 4171 411 4245 εὖ
455 4175 498 4260 ἢ
543 4185 755 4257 κακῶς
801 4178 1122 4247 διάκειται
1158 4176 1233 4245 τὸ
1270 4181 1680 4263 διακείμενον
1717 4183 2063 4245 blo—12.
2136 4183 2279 4246 Hoc
2313 4184 2366 4244 si
2403 4200 2554 4245 vere

339 4283 599 4348 dixisset
645 4284 1057 4363 AristoteleS‚
1118 4282 1244 4363 ἕξις
1301 4305 1434 4349 non
1491 4283 1779 4349 differret
1838 4284 2101 4350 omnino
2152 4307 2187 4347 a
2232 4285 2554 4360 διαθέσει,

342 4390 575 4452 etenim
624 4384 933 4465 διάθεσις
972 4383 1219 4472 ὑγιεινή
1265 4388 1369 4453 vel
1413 4385 1722 4470 νοσώδης,
1771 4393 2067 4474 quoniam
2116 4399 2212 4454 est
2252 4384 2557 4462 διάθεσις
