3043 4973
520 209 663 283 154
1361 211 1435 282 B
1483 208 1551 281 3.
1628 206 1858 280 aazia.

521 384 768 473 guium,
826 405 988 471 quae
1046 383 1131 449 de
1176 383 1371 450 rebus
1415 382 1762 449 individuis
1804 381 2253 469 praedicantur
2294 403 2417 447 nec
2457 380 2725 467 amplius

521 512 641 578 per
682 491 928 575 species
974 487 1375 567 dividuntur,
1430 492 1696 553 seorsim
1754 490 1912 574 poni
1968 499 2031 552 et
2083 508 2204 574 pro
2248 489 2573 573 principiis
2619 486 2727 550 ha·-

456 587 463 594 ’
518 593 659 658 beri
702 603 992 679 possunt.
1033 630 1109 643 -
1161 593 1339 657 Haec
1379 594 1785 655 ratiocinatio
1832 596 1969 677 ipsa
2016 589 2270 676 quidem
2315 611 2433 676 per
2476 612 2546 654 se
2591 611 2726 654 non

519 701 796 782 pertinet
854 700 975 761 nisi
1034 694 1112 760 ad
1173 718 1279 760 eas
1337 700 1638 760 notiones
1681 694 1788 759 vel
1831 698 2104 781 specieS,
2160 714 2323 779 quae
2367 696 2532 757 serie
2577 716 2727 778 qua·

520 800 666 864 dam
715 802 1122 865 continentur
1167 810 1235 863 et
1278 821 1351 863 ex
1396 821 1472 863 ea
1517 821 1691 864 suam
1740 820 2026 884 quaeque
2072 808 2357 862 naturam
2400 808 2465 862 et
2501 795 2728 861 defini-

521 908 761 968 tionem
807 913 1125 990 repetunoe
1201 902 1580 967 Extenditur
1622 913 1831 967 tamen
1876 904 1980 978 ita,
2024 911 2096 965 ut
2139 900 2219 966 ad
2267 904 2478 966 omnia
2521 919 2728 987 paene

519 1029 761 1094 genera
806 1007 1029 1071 referri
1074 1027 1268 1092 posse
1312 1005 1631 1080 videatur;
1688 1009 1975 1069 nimirum
2022 1028 2209 1090 quum
2253 1008 2322 1069 in
2368 1005 2559 1069 rebus
2603 1027 2730 1068 ma·

519 1111 868 1175 thematicis
913 1112 1179 1175 maxime
1219 1110 1585 1196 philosophi
1625 1111 1878 1173 summis
1920 1108 2267 1195 generibus
2310 1112 2728 1173 exsistentiam

519 1214 872 1291 tribuerint,
915 1216 968 1277 si
1013 1217 1079 1277 in
1123 1214 1221 1277 his
1266 1215 1609 1302 generibus
1655 1213 1914 1277 refutati
1959 1224 2125 1291 sunt,
2173 1212 2372 1277 multo
2419 1216 2728 1276 minorem

519 1321 589 1384 in
628 1317 770 1382 aliis
814 1316 1009 1384 sidem
1053 1316 1401 1383 habebunt.
1470 1316 1728 1382 Deinde
1773 1320 2069 1402 quoniam
2114 1320 2190 1382 iis
2236 1317 2578 1404 generibus
2617 1316 2731 1380 ab·

523 1419 797 1486 iudicata
857 1433 953 1485 est
1009 1425 1299 1507 principii
1361 1420 1665 1509 dignitas,
1729 1443 1996 1506 quorum
2056 1425 2302 1507 species
2360 1419 2597 1483 hahent
2650 1413 2728 1483 τὸ

520 1519 844 1609 πρότερον
885 1527 998 1589 καὶ
1041 1520 1344 1608 ὕστερον,
1388 1545 1579 1608 quum
1627 1546 1791 1588 unus
1837 1524 2087 1609 quidam
2131 1524 2360 1589 modus
2406 1526 2523 1588 τοῦ
2566 1517 2730 1604 πρόι-

519 1643 711 1710 asom»
754 1629 869 1692 καὶ
910 1623 1206 1713 ὕστερον,
1250 1631 1545 1693 nimirum
1592 1623 1667 1692 τὸ
1710 1629 1973 1712 βέλτιον
2015 1629 2129 1691 καὶ
2162 1638 2387 1712 χεῖρον
2432 1626 2553 1706 (cf.
2586 1625 2728 1691 Cat.

523 1733 627 1796 12.
676 1732 891 1810 14124)
938 1735 1005 1796 in
1053 1732 1348 1796 omnibus
1395 1732 1533 1795 fere
1580 1742 1875 1796 cernatur
1914 1732 2267 1816 speciebuS,
2313 1740 2388 1794 ut
2416 1729 2536 1793 alia
2571 1731 2733 1793 eius-

521 1835 667 1906 dem
696 1838 949 1921 generis
981 1838 1225 1920 species
1254 1834 1481 1899 melior
1510 1839 1610 1913 sit,
1642 1834 1764 1898 alia
1798 1833 2096 1912 deterior,
2135 1834 2212 1899 cf.
2243 1833 2423 1898 Alex.
2452 1835 2598 1910 165,
2629 1834 2730 1909 14,

520 1949 862 2023 propterea
923 1941 1108 2003 etiam
1168 1938 1249 2002 ad
1305 1942 1516 2002 omnia
1562 1960 1800 2026 genera
1849 1936 2069 2002 eadem
2114 1937 2220 2002 illa
2267 1939 2727 2025 argumentatio

519 2041 843 2106 videbitur
884 2042 1219 2107 referenda
1265 2064 1424 2107 esse.

657 2144 927 2209 Exhibui
975 2166 1112 2208 eam
1159 2145 1363 2212 huius,
1382 2145 1509 2208 loci
1550 2128 2032 2229 explicationem
2073 2165 2237 2229 quae
2274 2142 2728 2230 simplicissima

521 2247 673 2310 mihi
716 2247 986 2324 videtur,
1030 2269 1419 2334 quamquam-
1443 2269 1578 2312 uon
1611 2251 1843 2334 ignoro
1874 2247 2074 2334 longe
2106 2247 2460 2312 doctiorem
2491 2259 2559 2311 et
2586 2246 2730 2311 suh-

522 2350 796 2416 tiliorem
843 2355 1239 2437 propositam
1284 2373 1425 2416 esse
1471 2373 1508 2414 a
1540 2350 1793 2416 Zellero
1827 2352 1938 2416 Ph.
1975 2352 2035 2415 d.
2071 2352 2184 2415 Gr.
2220 2352 2300 2416 Π.
2343 2376 2405 2437 p.
2432 2353 2561 2426 211
2595 2373 2733 2436 sqq.

521 2455 585 2521 Is
631 2457 826 2533 enim,
880 2459 1055 2521 nisus
1101 2460 1175 2521 iis
1221 2456 1809 2541 Metaphysicorum
1857 2454 2016 2519 locis
2061 2454 2290 2541 quibus
2333 2475 2451 2542 per
2493 2455 2732 2520 formu-

523 2558 676 2623 lam:
737 2561 903 2643 ἔχειν
958 2557 1034 2625 τὸ
1090 2555 1415 2647 πρότερον
1468 2559 1584 2622 καὶ
1639 2552 1914 2641 ὕστερον
1966 2558 2731 2651 numerorumwidealium,

525 2673 749 2747 utpote
793 2660 1250 2747 ἀσυμβλήτων,
1295 2676 1517 2727 natura
1565 2684 1606 2725 a
1648 2666 1924 2726 numeris
1968 2663 2417 2753 mathematicis
2447 2672 2532 2725 ·et
2569 2681 2734 2744 συμ-

521 2767 793 2849 βλητοῖς
838 2765 1261 2854 distinguitur,
1306 2767 1387 2831 cf.
1433 2766 1515 2830 ad
1564 2767 1651 2830 M
1679 2769 1739 2843 6,
1784 2766 1911 2829 hoc
1956 2770 2146 2830 etiam
2187 2764 2337 2831 loco
2378 2765 2621 2829 verbis:
2661 2770 2734 2829 a·

525 2866 626 2942 οἷς
682 2863 758 2932 τὸ
814 2865 1138 2952 πρότερον
1180 2872 1293 2933 καὶ
1336 2865 1611 2956 ὕστερόν
1657 2874 1795 2932 ἐστι
1838 2890 2138 2933 numeros
2182 2868 2456 2946 ideaIeS,
2512 2867 2732 2953 quales

524 2972 710 3035 Plato
758 2976 989 3056 posuit,
1033 2972 1377 3058 significari
1424 2983 1624 3057 putat.
1691 2973 1820 3037 Sed
1860 2974 2017 3036 haec
2049 2976 2485 3057 interpretatio
2522 2994 2734 3056 quam-

524 3077 620 3139 vis
667 3073 1093 3138 commendari
1138 3074 1428 3139 videatur
1463 3085 1528 3139 et
1556 3080 1632 3139 iis
1664 3075 1823 3139 locis
1855 3097 2019 3161 quos
2051 3076 2434 3140 contulimus
2464 3075 2545 3140 ad
2578 3078 2668 3139 M
2689 3078 2736 3139 6

526 3191 592 3244 et
633 3184 971 3264 praecipue
996 3178 1151 3242 Eth:
1181 3180 1320 3243 Nic.
1353 3182 1381 3243 1
1412 3182 1474 3243 4.
1512 3182 1720 3243 1096a
1752 3182 1850 3257 17,
1895 3191 2102 3243 tamen
2148 3179 2230 3242 ab
2275 3183 2570 3243 universa
2613 3179 2736 3242 hac

525 3286 1019 3348 ratiocinatione
1063 3283 1228 3347 adeo
1275 3284 1484 3347 aliena
1532 3294 1655 3360 est,
1708 3292 1779 3347 ut
1822 3282 2054 3347 Zelleri
2100 3283 2393 3349 iudicium
2441 3304 2734 3368 compro-

526 3386 682 3451 bare
727 3408 1052 3470 nequeam.
1146 3388 1299 3451 Non
1348 3397 1616 3473 ponunt,
1660 3391 1747 3451 ait
1790 3387 2020 3464 Zeller,
2066 3397 2388 3471 praeter
2432 3409 2736 3452 numeros

527 3489 768 3553 ide-ales
814 3488 1129 3552 Platonici
1173 3489 1368 3566 ideas,
1414 3501 1756 3576 propterea
1805 3493 1950 3575 quia
1995 3493 2115 3575 ipsi
2159 3491 2252 3554 illi
2298 3496 2541 3556 numeri
2584 3503 2735 3556 sunt

528 3591 731 3655 ideae.
823 3592 911 3654 At
954 3595 1007 3654 si
1053 3603 1319 3677 propter
1365 3593 1531 3657 hanc
1575 3616 1823 3658 causam
1880 3604 2198 3680 negantur
2253 3594 2437 3659 ideae
2480 3606 2736 3681 praeter

525 3717 823 3760 numeros
869 3716 1025 3773 esse,
1071 3695 1399 3780 quomodo
1443 3697 1697 3761 tandem
1741 3697 1809 3761 id
1856 3710 2292 3783 argumentum
2331 3697 2410 3761 ad
2449 3698 2734 3783 reliquos

525 3802 773 3884 species
833 3810 897 3862 et
953 3798 1199 3884 reliqua
1248 3821 1490 3887 genera
1538 3801 1882 3865 extendere
1929 3811 2172 3886 potest,
2230 3807 2286 3865 εὶ
2330 3803 2399 3866 δὲ
2441 3794 2534 3883 μὴ
2578 3797 2734 3866 τού·

525 3923 659 3966 των
716 3905 870 3981 (int.
927 3903 1058 3966 τῶν
1115 3899 1431 3986 ἀριθμῶν
1489 3897 1534 3983 ἢ
1583 3905 1715 3968 τῶν
1760 3899 2180 3989 σχημάτων),
2234 3906 2436 3993 σχολῇ
2485 3905 2615 3967 τῶν
2657 3927 2732 3985 γε

527 4000 746 4070 ἄλλων
803 4008 986 4071 ἔσται
1041 3998 1126 4069 τὰ
1182 4010 1337 4090 γένη
1380 4003 1566 4093 παρὰ
1609 4001 1693 4071 τὰ
1741 4005 1897 4085 εἴδη.
1987 4008 2296 4071 Nimirum
2339 4006 2448 4073 vel
2491 4007 2734 4071 levissi-

527 4130 692 4175 mum
737 4107 1160 4174 similitudinis
1204 4113 1567 4197 vestigium,
1625 4121 1886 4196 propter
1937 4111 2110 4195 quod
2159 4111 2343 4175 latim
2391 4109 2733 4177 extendere

529 4216 1139 4299 argumentationem
1194 4212 1415 4291 liceat,
1475 4218 1818 4291 evanescit,
1875 4218 1927 4278 si
1974 4214 2056 4278 de
2103 4218 2378 4280 numeris
2418 4214 2733 4279 idealihus

530 4317 725 4381 verba
768 4315 902 4381 illa:
958 4322 1028 4382 ὲν
1075 4312 1173 4391 οἷς
1216 4308 1292 4380 τὸ
1336 4339 1446 4402 πρ,
1492 4339 1549 4380 κ.
1592 4312 1730 4381 ὕστ.
1778 4316 2184 4384 intellexeris.
2231 4356 2312 4369 —
2347 4317 2594 4384 -Zelleri
2635 4321 2734 4383 in-
2835 4375 2846 4384 .

529 4420 1047 4506 terpretationem
1094 4419 1393 4506 probavit
1437 4420 1644 4484 Schw.
1694 4419 1774 4484 ad
1819 4420 1879 4484 h.
1929 4420 1966 4484 l.
