3043 4973
520 242 618 314 48
1367 244 1444 316 Α
1491 239 1563 314 2.
1639 240 1785 316 982
1800 264 1866 314 a.

526 420 584 483 l.
629 416 798 482 981⁶
838 419 936 496 7),
982 415 1344 483 Alexander
1385 440 1450 504 p.
1487 421 1560 498 9,
1610 421 1694 483 19
1737 418 2131 498 Stoicorum,
2175 419 2243 483 ni
2287 417 2506 498 fallor,
2551 438 2731 483 more

522 530 667 607 apte
726 513 952 597 κοινὰς
1007 522 1118 587 καὶ
1175 516 1457 610 φυσικὰς
1514 523 1645 588 τῶν
1700 517 2086 607 ἀνθρώπων
2130 523 2386 599 ἐννοίας
2432 519 2730 610 appellat,

522 645 659 689 eam
717 622 938 690 tribuit
993 627 1149 702 vim,
1209 636 1280 689 ut
1334 646 1467 689 non
1526 625 1720 711 plane
1764 647 1801 689 a
1846 629 2115 691 veritate
2162 624 2409 691 alienae
2456 646 2596 690 esse
2642 627 2733 690 vi-

520 726 811 807 deantur,
857 727 936 793 cf.
982 727 1063 793 de
1101 727 1294 794 divin.
1330 730 1387 793 l.
1430 730 1591 795 46212
1623 732 1724 794 14.
1799 731 1983 795 Hanc
2028 732 2467 795 auctoritatem
2514 751 2589 793 ac
2634 727 2731 794 di-

518 836 1051 921 gnitatem.quum
1091 831 1327 897 tribuat
1359 832 1640 922 vulgatis
1674 836 1999 899 hominum
2038 833 2302 912 iudiciis,
2344 836 2557 898 mirari
2595 854 2731 909 non

520 934 842 1015 debemuS,
877 934 1051 1022 quod
1084 957 1205 1021 qua
1234 939 1338 1000 via
1368 939 1447 1000 iis
1481 948 1578 1001 est
1607 937 2047 1016 incedendum,
2080 941 2186 1023 qui
2217 937 2375 1002 nihil
2406 937 2578 1004 aliud
2609 939 2752 1005 nisi.

522 1041 871 1105 nominis
928 1037 1192 1104 alicuius
1249 1039 1783 1127 significationem
1843 1051 1907 1106 et
1959 1064 2136 1107 usum
2186 1044 2571 1106 constituere
2614 1059 2732 1105 vo-

518 1142 664 1208 lunt
691 1177 777 1189 —
806 1143 904 1207 his
952 1144 1116 1206 enim
1163 1143 1591 1228 quaerendum
1640 1154 1757 1224 est,
1798 1167 1920 1230 qua
1965 1147 2026 1209 vi
2075 1145 2236 1212 illud
2280 1166 2515 1210 nomen
2553 1165 2733 1209 usur·
2819 1182 2822 1185 Δ

519 1258 676 1335 pent
710 1246 1017 1325 hominm,
1055 1246 1206 1332 quid
1246 1249 1303 1310 ei
1338 1247 1619 1312 tribuant
1652 1284 1754 1328 —-,
1804 1248 2069 1314 eandem
2105 1253 2348 1315 insistat
2386 1249 2495 1314 ubi
2531 1250 2731 1335 ipsius

517 1353 637 1415 rei
682 1360 925 1429 natura,
969 1372 1092 1415 nec
1133 1352 1480 1415 nominis
1527 1361 1769 1417 tantum
1812 1353 2196 1440 significatio
2236 1353 2315 1418 ad
2348 1355 2734 1438 investigan-

519 1453 666 1518 dum
707 1464 803 1518 est
836 1457 1190 1541 proposita.
1258 1455 1353 1518 Ita
1384 1456 1450 1519 in
1480 1454 1901 1540 Physicorum
1939 1455 2104 1522 libro
2134 1458 2232 1522 IV
2277 1455 2360 1520 ad
2403 1457 2733 1520 invenien-

519 1556 662 1622 dam
708 1560 898 1644 spatii
944 1580 1018 1622 ac
1063 1561 1365 1645 temporis
1410 1561 1772 1637 notionem,
1827 1562 1893 1625 in
1939 1560 2182 1625 Ethicis
2226 1561 2372 1625 Nic.
2416 1561 2514 1624 vl
2559 1561 2597 1624 7
2646 1558 2731 1624 ad

518 1661 949 1727 definiendam
996 1666 1365 1749 sapientiam
1403 1684 1436 1725 a
1480 1663 1921 1728 communibus
1960 1686 2035 1728 ac
2069 1663 2348 1752 vulgatis
2384 1662 2732 1749 proficisci-

517 1775 622 1832 tur
658 1767 983 1831 hominum
1022 1767 1455 1854 opinionibuS,
1501 1788 1755 1852 easque,
1800 1790 1987 1853 quum
2024 1769 2315 1856 singulae
2355 1766 2622 1855 singulis
2658 1770 2730 1831 in

516 1873 689 1936 notis
734 1871 1064 1949 haereant,
1123 1873 1304 1956 quasi
1350 1892 1540 1935 unam
1586 1873 1652 1934 in
1698 1893 1999 1935 summam
2044 1872 2301 1960 redigit3
2366 1871 2584 1936 eadem
2629 1892 2729 1935 ra·-

516 1976 695 2039 tione
752 1995 927 2038 usus¹
960 1973 1087 2038 hoc
1129 1972 1279 2039 loco
1325 1976 1675 2061 sapientiae
1721 1977 2050 2040 notionem
2097 1978 2185 2040 ita
2229 1978 2601 2062 investigat,
2657 1983 2732 2039 ut

515 2076 826 2166 singulas,
870 2098 1032 2164 quac
1075 2077 1277 2166 vulgo
1325 2081 1383 2145 ei
1428 2076 1818 2157 tribuuntur,
1864 2089 2067 2158 notas,
2114 2102 2302 2165 quum
2348 2079 2600 2164 quidem
2643 2066 2727 2143 ad

518 2185 731 2246 omnia
782 2204 918 2245 eam
963 2184 1287 2267 pertinere
1335 2192 1400 2247 et
1443 2181 1877 2247 difficillimam
1921 2204 2062 2247 esse
2099 2193 2166 2246 et
2203 2185 2731 2248 accuratissimam

518 2296 586 2350 et
628 2285 709 2350 ad
756 2284 1118 2350 docendum
1164 2289 1545 2373 aptissimam
1592 2307 1801 2372 neque
1848 2284 1976 2351 alio
2022 2285 2417 2351 referendam
2463 2297 2527 2352 et
2562 2295 2730 2350 cete-

516 2411 724 2453 rarum
769 2387 1241 2478 disciplinarum
1290 2389 1606 2453 dominam
1648 2412 1787 2454 esse
1826 2399 2127 2470 statuunt,
2176 2412 2282 2455 eas
2323 2411 2545 2455 omnes
2585 2411 2731 2475 per-

518 2498 724 2560 tinere
770 2494 1001 2560 doceat
1044 2495 1123 2560 ad
1168 2495 1646 2583 indagationem
1689 2498 2026 2581 primarum
2073 2516 2416 2560 causarum.

650 2600 737 2663 Et
788 2602 1054 2685 primum
1114 2598 1366 2686 quidem
1425 2597 1602 2685 quod
1658 2601 1868 2662 omnia
1926 2601 2089 2663 scire
2147 2602 2400 2686 sapiens
2454 2608 2729 2685 putatur,

518 2714 701 2770 caute
748 2702 993 2768 addidit
1037 2699 1124 2779 ὡς
1168 2704 1492 2787 ἐνδέχεται
1528 2704 1635 2780 α9,
1680 2701 1991 2788 siquidem
2030 2700 2174 2766 fieri
2218 2723 2352 2768 non
2395 2712 2614 2788 potest
2647 2712 2731 2768 ut

517 2805 803 2894 singulas
848 2828 951 2869 res
997 2810 1319 2891 quisquam
1366 2828 1587 2871 omnes
1626 2805 1857 2869 habeat
1896 2809 2206 2893 cognitaS,
2246 2802 2339 2891 μὴ
2375 2803 2541 2870 καθ’
2578 2811 2729 2872 ἕκα-

517 2928 677 2974 στον
709 2910 944 2992 ἔχοντα
973 2905 1336 2994 ἐπιστήμην
1367 2907 1613 2976 αὐτῶνε
1653 2908 1981 2997 colligitur
2004 2906 2209 2975 autem
2239 2910 2390 2976 inde
2413 2913 2727 2977 a21—23

515 3015 780 3075 maxime
823 3013 1252 3077 universalem⁴
1292 3036 1429 3079 eam
1477 3022 1783 3101 oportere
1832 3034 1969 3077 esse
2022 3017 2380 3094 scientiam,
2437 3038 2599 3101 quae
2645 3015 2729 3081 ad

517 3118 731 3181 omnia
776 3118 1100 3202 pertinere
1145 3117 1477 3182 iudicetur.
1568 3115 2008 3181 Universalem
2063 3122 2228 3183 enim
2273 3121 2385 3205 qui
2430 3122 2732 3206 concepit

516 3224 865 3297 notionem,
913 3222 965 3284 is
1010 3217 1145 3286 οἶδέ
1189 3244 1352 3297 πως
1393 3215 1616 3286 πάντα
1661 3213 1745 3284 τὰ
1788 3218 2204 3305 ὑποκείμενα.
2292 3225 2447 3288 Non
2493 3224 2729 3310 simpli-

517 3326 676 3388 citer
719 3324 834 3389 sed
881 3323 1353 3409 quodammodo
1393 3346 1535 3389 eum
1575 3326 1960 3412 cognovisse
1999 3325 2154 3391 dicit
2183 3322 2402 3392 πάντα
2438 3320 2525 3391 τὰ
2561 3326 2726 3392 ὑπο-

515 3430 808 3511 κείμενα,
865 3430 1164 3512 quoniam
1222 3430 1287 3492 in
1335 3429 1676 3493 universali
1722 3433 1992 3494 notione
2036 3452 2171 3495 non
2218 3442 2391 3509 actu,
2449 3430 2563 3495 sed
2607 3453 2725 3518 po-

516 3533 713 3594 tentia
773 3532 1182 3594 continentur
1239 3529 1531 3619 singulae
1575 3554 1679 3596 res
1739 3555 1899 3619 quae
1947 3537 2003 3598 ei
2049 3545 2199 3600 sunt
2243 3535 2590 3612 subiectae,
2643 3534 2721 3600 cf.

514 3633 701 3698 Anal.
747 3643 898 3719 post
940 3633 970 3697 1
1015 3635 1120 3697 24.
1167 3634 1290 3697 8611
1314 3636 1401 3698 22
1447 3656 1599 3720 sqq„
1646 3636 1835 3721 Phys,
1868 3638 2086 3703 V113.
2128 3643 2289 3705 2471)
2314 3642 2372 3717 6,
2420 3636 2722 3703 Trendel.

514 3737 715 3801 Elem.
762 3736 820 3821 ᾖ.
850 3739 916 3801 6.
986 3737 1112 3800 Eas
1159 3746 1366 3801 autem
1411 3758 1515 3801 res
1560 3739 1843 3826 singulas
1887 3743 2139 3806 notioni
2183 3742 2502 3807 subiectas
2548 3742 2723 3827 quod

513 3837 833 3904 vocabulo
868 3837 1286 3923 ὑποκείμενα
1341 3841 1689 3929 significat,
1745 3863 1880 3907 non
1936 3866 2195 3929 possum
2244 3846 2523 3911 eiusdem
2569 3866 2721 3910 usus
2825 3883 2831 3888 -

515 3941 637 4006 alia
685 3964 759 4007 ex
805 3942 1166 4007 Aristotelis
1225 3942 1405 4009 libris
1449 3945 1681 4010 afferre
1736 3947 2046 4033 exempla,
2104 3971 2477 4035 quamquam
2525 3971 2600 4015 ex
2645 3971 2722 4014 ea

510 4050 599 4125 νὴ
641 4068 822 4132 quam
870 4047 1068 4134 vulgo
1115 4046 1285 4132 apud
1332 4049 1741 4114 Aristotelem
1788 4050 2004 4130 habet,
2048 4051 2234 4116 facile
2279 4054 2439 4118 haec
2480 4053 2723 4141 signifi-

515 4153 684 4215 catio
740 4154 945 4237 repeti
990 4160 1223 4237 potest.
1311 4154 1565 4217 Etenim
1622 4146 1700 4218 τὸ
1755 4150 2184 4238 ὑποκείμενον
2240 4179 2429 4242 quum
2487 4168 2597 4222 aut
2650 4157 2722 4222 id

513 4253 833 4342 significet
876 4254 1051 4339 quod
1094 4255 1424 4321 subiicitur
1466 4256 1574 4320 vel
1617 4256 1861 4321 formae
1905 4280 2036 4323 rem
2078 4257 2409 4325 definienti
2446 4262 2508 4327 3.
2548 4262 2719 4327 983⁶

513 4357 620 4423 30.
666 4359 836 4424 984a
870 4360 957 4425 22
1002 4359 1109 4426 vel
1154 4360 1587 4427 accidentibus
1631 4362 1728 4426 rei
1769 4361 1833 4426 3.
1873 4363 2042 4428 9831:
2067 4365 2170 4428 16.
2229 4363 2295 4428 Ζ
2316 4365 2379 4430 3.
2427 4365 2636 4430 lo29a
2664 4366 2721 4444 1,
