3043 4973
1147 287 1226 357 Λ
1275 283 1344 356 s.
1428 282 1697 356 1073b.
2383 279 2527 354 507
2601 264 2615 276 ·

330 458 581 525 stotelis
618 457 814 523 verba
849 458 1219 523 brevissime
1254 456 1659 543 explicuisse:
1705 459 1812 541 qui
1844 455 2025 542 plura
2063 454 2442 532 desiderent,
2485 457 2531 518 ii

333 561 568 627 adeant
610 570 865 647 praeter
896 563 1002 625 Ar.
1046 560 1131 625 de
1174 561 1365 625 coelo
1402 561 1463 624 11
1509 562 1595 624 12
1641 563 1809 623 inter
1852 567 2380 623 commentatores
2425 578 2534 621 ve·-

332 675 500 729 teres
545 663 759 751 Simpl.
806 664 887 727 ad
933 662 975 726 l.
1007 662 1050 727 l.
1098 663 1180 727 de
1225 661 1433 740 coelo,
1476 661 1691 727 Schol.
1736 685 1798 748 p.
1827 660 2275 727 4983—5041'.
2355 658 2533 723 Alex.

335 766 417 831 ad
460 771 666 853 ipsum
713 768 882 831 hunc
924 765 1135 830 locum
1179 789 1242 851 p.
1276 766 1680 842 677—681,
1736 768 1903 829 inter
1958 764 2351 828 recentiores
2396 759 2536 824 lde·

300 869 435 933 ‘ler
477 868 518 933 Ι.
556 868 626 946 1.,
685 891 759 932 ac
798 871 1167 954 praecipue,
1224 871 1332 953 qui
1377 867 1459 932 de
1504 889 1580 932 ca
1624 889 1694 931 re
1740 868 2202 932 accuratissime
2249 876 2314 930 et
2355 885 2536 952 saga-

337 975 584 1036 cissime
627 971 987 1056 disputavit,
1034 971 1303 1035 Krische
1340 959 1609 1034 'Forsch.
1655 971 1704 1034 1.
1747 993 1809 1056 p.
1839 971 2236 1035 286—300.

471 1075 557 1153 d)
604 1076 806 1139 1073b
847 1076 927 1138 17
976 1067 1339 1152 Εὔδοξος
1387 1110 1468 1123 -
1519 1074 1732 1138 1o74a
1764 1075 1849 1137 14
1892 1066 2537 1157 τεσσαράκοντα.

338 1176 508 1242 Solis
567 1199 642 1241 ac
697 1175 890 1240 lunae
947 1186 1157 1240 motus
1214 1175 1446 1263 triplici
1502 1186 1766 1261 uterque
1820 1175 2015 1240 modo
2063 1156 2378 1240 definitus*
2409 1181 2534 1247 est3

337 1282 603 1366 primum
649 1282 816 1343 enim
859 1281 1027 1342 intra
1068 1267 1202 1344 ‘diei
1245 1281 1517 1364 spatium
1575 1281 1816 1364 pariter
1858 1301 1934 1342 ac
1977 1277 2202 1344 stellae
2244 1278 2410 1342 fixae
2455 1275 2538 1340 ab

341 1386 591 1447 oriente
635 1381 717 1447 ad
760 1381 1161 1447 occidentem
1204 1382 1581 1459 volvuntur,
1640 1381 1875 1446 deinde
1921 1387 2089 1447 intra
2134 1381 2392 1469 longius
2437 1379 2542 1445 vel

341 1487 490 1550 anni
544 1485 653 1550 vel
706 1490 944 1551 mensis
1001 1487 1270 1571 spatium
1317 1507 1434 1571 per
1476 1484 1807 1548 zodiacum
1847 1495 2190 1550 moventur
2232 1493 2304 1548 ut
2343 1482 2541 1547 modo

341 1611 480 1653 eum
541 1589 667 1653 boc
720 1588 917 1653 modo
977 1611 1115 1654 cum
1172 1588 1288 1653 illo
1344 1586 1592 1653 zodiaci
1647 1587 1857 1652 sidere
1916 1592 2195 1653 orientes
2251 1585 2544 1650 occiden-

344 1701 524 1756 tesve
580 1695 1082 1778 conspiciantur3
1143 1692 1419 1777 denique
1476 1691 1557 1755 ab
1617 1712 1697 1755 eo
1756 1691 1942 1769 orbe,
2004 1712 2187 1776 quem
2244 1689 2544 1753 zodiacus

344 1793 649 1873 destinat,
704 1795 1006 1859 videntur
1046 1798 1136 1858 ita
1182 1795 1508 1873 aberrare,
1570 1805 1641 1859 ut
1683 1817 1717 1858 a
1763 1793 1977 1858 medio
2021 1794 2291 1858 zodiaco
2337 1791 2547 1854 latitu-

343 1896 557 1961 dinem
602 1920 820 1962 versus
860 1898 1123 1984 oblique
1159 1898 1497 1976 declinent,
1543 1919 1618 1962 ac
1649 1898 1803 1962 luna
1836 1896 2089 1982 quidem
2126 1896 2400 1982 longiuS,
2445 1892 2550 1957 sol

346 2003 552 2065 minus
597 2000 820 2089 longe,
877 2022 1085 2087 neque
1131 2005 1195 2065 in
1240 2001 1529 2066 solstitiis
1575 2000 1677 2065 sol
1721 2004 1785 2064 in
1834 1999 2058 2064 eodem
2105 1998 2352 2063 zodiaci
2396 1996 2547 2061 loco

348 2109 562 2170 oriens
608 2105 714 2171 vel
759 2104 1058 2169 occidens
1104 2107 1551 2190 conspiciatur,
1603 2105 1682 2169 cf.
1724 2103 1943 2189 simpl.
1986 2102 2201 2168 Scbol.
2244 2102 2406 2167 498⁶
2440 2104 2548 2167 39.

347 2211 532 2273 Hanc
575 2208 883 2294 triplicem
930 2208 1214 2273 eiusdem
1258 2218 1466 2272 motus
1499 2207 1861 2292 qualitatem
1893 2205 2198 2270 Eudoxus
2242 2205 2411 2271 haud
2457 2209 2552 2270 in-

352 2322 501 2398 epte
556 2316 643 2377 ita
700 2311 823 2376 sibi
877 2310 1132 2376 videtur
1189 2311 1530 2396 explicare,
1586 2321 1659 2375 ut
1712 2331 1788 2373 ex
1839 2309 2042 2373 tribus
2087 2309 2363 2374 motibus
2405 2330 2552 2374 eum

351 2419 770 2501 compositum
817 2436 958 2479 esse
1002 2424 1239 2479 statuat
1284 2437 1359 2478 ac
1403 2425 1529 2478 tres
1577 2422 1780 2500 ponat
1828 2411 2131 2497 sphaeras
2175 2415 2339 2475 circa
2385 2412 2552 2476 idem

350 2530 632 2584 centrum
682 2520 932 2583 diversa
978 2517 1332 2582 directione
1376 2538 1520 2581 sese
1563 2516 1918 2594 volventes,
1961 2536 2221 2599 quarum
2263 2516 2556 2601 sphaera-

353 2644 489 2686 rum
535 2625 646 2685 uni
690 2621 884 2686 infixa
928 2624 1012 2684 sit
1053 2624 1192 2706 ipsa
1238 2619 1451 2699 stella,
1510 2620 1676 2686 duae
1720 2619 2032 2704 reliquae,
2089 2639 2269 2682 suum
2315 2627 2553 2682 motum

354 2725 434 2788 ad
484 2722 650 2787 illam
698 2726 1025 2810 sphaeram
1071 2734 1524 2810 propagantes,
1568 2726 1652 2786 ita
1686 2733 1924 2786 motum
1957 2719 2180 2785 stellae
2211 2724 2554 2784 immutent.

357 2830 450 2892 Ac
507 2830 707 2912 prima
763 2828 1017 2913 quidem
1079 2828 1347 2913 sphaera
1409 2825 1634 2890 eodem
1692 2826 1894 2890 fertur
1943 2834 2120 2888 motu
2168 2843 2242 2884 ac
2292 2823 2555 2907 sphaera

356 2930 681 2995 stellarum
725 2930 1016 3005 fixarum3
1062 2930 1259 2995 altera
1307 2941 1500 3008 motu,
1548 2951 1674 3014 quo
1715 2930 1930 3004 fertur,
1979 2924 2319 2991 orbiculari
2352 2927 2555 3009 ipsum

357 3036 639 3118 sequitur
682 3033 927 3098 zodiaci
973 3033 1220 3108 orbem3
1273 3036 1456 3097 tertia
1504 3031 1777 3117 denique
1822 3030 2149 3095 volvendo
2188 3028 2406 3092 orbem
2453 3027 2560 3092 de-

358 3136 605 3214 scribit,
664 3140 771 3221 qui
829 3135 1087 3220 oblique
1143 3135 1475 3200 zodiacum
1532 3139 1756 3198 transit
1814 3144 1879 3198 et
1935 3158 1969 3197 a
2031 3131 2242 3196 medio
2291 3129 2558 3193 zodiaco

361 3252 691 3304 extremam
738 3238 1130 3303 latitudinem
1173 3259 1395 3302 versus
1441 3239 1639 3323 magis
1685 3239 1970 3299 minusve
2016 3232 2293 3297 declinat
2350 3226 2561 3310 (κατὰ

364 3337 485 3407 τὸν
530 3340 970 3424 λελοξωμένον
1014 3343 1220 3430 ἐνκτῷ
1265 3336 1494 3404 πλάτει
1529 3341 1657 3403 τῶν
1696 3338 1942 3421 ζῳδίων
1978 3337 2169 3414 ὂ20).
2243 3334 2341 3399 Ad
2372 3334 2565 3421 expli·

364 3443 631 3509 candum
687 3455 894 3508 autem
952 3443 1345 3530 planetarum
1406 3453 1645 3506 motum
1703 3452 1830 3504 tres
1883 3432 2032 3504 illae
2077 3438 2383 3525 sphaerae
2429 3459 2563 3502 non

363 3546 689 3612 sufficiunt
732 3546 846 3611 sed
894 3544 1291 3610 adhibendae
1336 3556 1484 3609 suut
1527 3545 1760 3631 plureS.
1841 3545 2047 3628 Atque
2084 3541 2386 3608 Eudoxus
2434 3546 2566 3627 qui-
2665 3565 2670 3570 ’

364 3650 508 3716 dem
557 3659 826 3734 quatuor
869 3651 1149 3735 sphaeris
1196 3648 1589 3735 planetarum
1635 3656 1875 3711 motum
1921 3645 2269 3729 descripsit.
2359 3646 2568 3708 Prima

366 3765 431 3818 et
476 3752 674 3817 altera
712 3753 997 3839 'sphaera
1059 3752 1327 3816 eundem
1383 3751 1621 3815 habent
1677 3761 1944 3826 motum,
2003 3770 2078 3812 ac
2120 3752 2318 3833 prima
2366 3758 2430 3811 et
2472 3769 2569 3812 se-

366 3856 573 3922 cunda
618 3853 774 3920 solis
830 3852 1145 3939 lunaeque
1202 3855 1495 3941 sphaera,
1556 3856 1853 3938 quoniam
1902 3863 1965 3916 et
2009 3850 2443 3937 quotidianum
2490 3850 2569 3913 ab

367 3964 617 4026 oriente
675 3977 894 4022 versus
953 3956 1350 4021 occidentem
1408 3967 1647 4027 motum
1709 3967 1771 4019 et
1824 3977 1964 4019 eum
2013 3958 2121 4040 qui
2168 3952 2432 4039 eclipsin
2477 3974 2572 4017 se-

369 4065 581 4147 quitur
623 4083 1017 4126 communem
1064 4083 1202 4125 cum
1250 4060 1391 4125 sole
1437 4069 1502 4125 et
1545 4058 1698 4123 luna
1736 4079 1956 4123 omnes
1991 4058 2231 4122 habent
2257 4055 2572 4143 planetae,

371 4167 724 4230 ³24—27.
804 4167 1024 4230 Tertia
1070 4174 1277 4229 autem
1324 4163 1620 4249 planetae
1668 4165 1969 4247 cuiusque
2013 4162 2279 4248 sphaera
2326 4181 2400 4223 ea
2438 4157 2574 4222 vol-

371 4271 540 4333 vitur
580 4266 950 4345 directione,
1002 4277 1073 4333 ut
1116 4266 1254 4354 poli
1296 4267 1703 4352 sphaerarum
1748 4270 1815 4330 in
1861 4264 2099 4330 circulo
2142 4285 2261 4350 per
2301 4260 2571 4326 medium

372 4370 702 4438 zodiacum
738 4369 931 4435 ducto
968 4372 1164 4457 positi
1196 4373 1342 4449 sint,
1368 4368 1503 4435 1128
1538 4369 1752 4451 (unde
1788 4371 2076 4454 sequitur
2109 4378 2179 4432 ut
2212 4368 2356 4429 vice
2388 4384 2573 4429 versa
