3043 4973
2482 205 2532 277 7
2581 186 2590 191 ,

331 378 539 467 plinae
584 401 821 468 corpus
868 380 1179 460 efficiant3
1235 380 1610 471 attingenda
1657 390 1794 447 erat
1834 401 1912 446 ea
1954 401 2086 459 res,
2134 381 2279 467 quia
2323 381 2529 444 varias

330 483 475 549 inde
521 488 918 552 coniecturas
962 489 1083 551 viri
1128 486 1307 553 docti
1348 488 1759 572 repetierunt.

452 588 561 652 De
602 591 883 675 genuina
928 600 1136 655 autem
1183 589 1771 677 Metaphysieorum
1825 590 2078 677 origine
2124 598 2190 653 et
2234 585 2318 652 de
2360 590 2528 652 iusto

329 691 629 757 librorum
687 691 916 757 ordine
972 716 1085 758 cur
1137 695 1313 757 varie
1367 697 1450 758 sit
1502 715 1540 757 a
1583 697 1736 759 viris
1781 693 1987 758 doctis
2032 691 2416 778 disputatum
2465 700 2529 752 et

329 797 391 859 in
434 794 716 861 diversas
760 798 1113 862 sententias
1167 796 1542 876 discessum,
1599 796 1833 884 duplex
1888 798 2281 882 potissimum
2340 814 2528 856 eausa

326 909 447 963 est:
502 899 708 964 altera
751 903 961 985 posita
1005 903 1075 965 in
1119 903 1494 966 auctoritate
1541 903 1920 987 scriptorum
1963 910 2278 976 veterum,
2328 896 2528 961 altera

238 1082 261 1101 Ι
325 1006 592 1089 repetita
638 1025 715 1068 ex
757 1007 898 1089 ipsa
941 1003 1250 1069 librorum
1295 1004 1874 1091 metaphysioorum
1920 1013 2148 1068 natura
2194 1011 2260 1065 et
2288 998 2527 1064 indole.

325 1107 411 1171 Et
466 1110 828 1171 testimonia
883 1107 1138 1193 quidem
1194 1117 1479 1173 veterum
1537 1107 1713 1195 quod
1773 1105 2205 1172 dubitationes
2252 1105 2529 1167 movisse

207 1284 214 1289 ‚
327 1208 475 1286 dixi,
548 1209 615 1274 id
671 1208 868 1274 nolim
924 1210 1150 1275 referri
1208 1210 1288 1275 ad
1350 1214 1710 1277 notissimas
1769 1210 1910 1274 illas
1969 1207 2304 1273 Strabonis
2361 1205 2527 1281 XIII,

326 1337 386 1399 p.
416 1315 548 1378 418
593 1336 727 1399 sqq.
787 1324 853 1378 et
895 1313 1212 1379 Plutarchi
1270 1313 1434 1401 Syll.
1479 1317 1570 1381 26
1625 1317 2021 1380 narrationes
2079 1310 2161 1375 de
2215 1310 2526 1398 singulari

324 1415 600 1502 quodam
647 1414 951 1482 librorum
997 1417 1547 1484 Aristotelicorum
1593 1419 1758 1495 fat03
1804 1419 1965 1481 istae
2010 1416 2174 1479 enim
2221 1414 2526 1478 narratio-

322 1540 436 1584 nes
481 1540 668 1605 quam
713 1520 990 1585 habeant
1015 1518 1225 1598 fidem,
1271 1525 1553 1587 virorum
1583 1521 2106 1596 doctissimorum,
2151 1514 2525 1592 Schneideri

321 1624 525 1705 (Hist.
586 1623 854 1688 Animal.
913 1623 1066 1688 Vol.
1112 1624 1160 1689 1.
1220 1626 1525 1711 Epimetr.
1569 1625 1651 1689 II.
1709 1626 1870 1702 111),
1938 1619 2258 1686 Brandisii
2315 1619 2524 1700 (Mus.

318 1727 608 1790 Rhenan.
639 1727 689 1805 I,
716 1729 778 1793 3.
810 1751 874 1813 p.
903 1727 1298 1793 236—254.
1357 1731 1417 1793 4.
1461 1753 1525 1815 p.
1556 1728 1931 1794 259—286
1947 1730 1989 1806 ),
2037 1726 2283 1811 Koppii
2317 1723 2524 1803 (Mus.

317 1830 524 1894 Rhen.
570 1830 679 1907 111,
726 1834 785 1896 l.
829 1854 894 1916 p.
928 1832 1301 1913 93-104)
1359 1834 1646 1897 acumine
1700 1841 1766 1896 et
1807 1830 2099 1894 doctrina
2145 1831 2230 1893 ita
2278 1835 2376 1890 est
2418 1824 2526 1890 de·-

315 1945 755 2011 monstratum,
798 1943 871 1998 ut
913 1937 979 1998 in
1025 1936 1143 1998 hac
1187 1945 1362 2000 certe
1407 1939 1784 2022 quaestione
1829 1955 1936 2001 eas
1982 1952 2205 1997 curare
2247 1927 2405 1993 nihil
2434 1937 2526 1992 at-
2566 1958 2574 1964 ·

315 2041 518 2102 tineat
544 2039 620 2117 ¹).
713 2023 1017 2103 Glaserus
1063 2038 1348 2123 quidem,
1395 2042 1501 2125 qui
1545 2041 1890 2127 genuinam
1937 2034 2523 2120 Metaphysicorum

317 2140 590 2205 formam
634 2142 872 2226 primus
914 2144 1312 2229 perspexisse
1357 2152 1425 2207 et
1467 2142 1837 2228 exposuisse
1875 2140 1997 2204 sibi
2033 2137 2302 2214 videtur,
2338 2135 2525 2200 dero-

314 2236 528 2332 gatam
554 2247 903 2309 narrationi
928 2243 1123 2309 fidem
1152 2249 1491 2321 restituere
1516 2244 1750 2321 studet,
1776 2246 1862 2308 ita
1893 2240 2146 2328 quidem
2175 2249 2247 2308 ut
2274 2240 2523 2303 omissis

315 2347 581 2433 reliquis
623 2347 801 2413 libris
830 2347 1251 2413 Aristotelicis
1292 2347 1378 2412 ad
1420 2369 1549 2412 una
1586 2346 2027 2432 Metapbysiea
2071 2341 2407 2409 referenda
2441 2345 2524 2405 sit

314 2450 392 2533 (l.
422 2450 466 2516 l.
495 2475 560 2538 p.
586 2452 719 2530 18),
748 2451 861 2517 sed
893 2474 1077 2540 quam
1106 2451 1403 2517 inanibus
1436 2463 1500 2516 et
1531 2449 1815 2515 futilibus
1845 2453 1928 2513 sit
1954 2450 2339 2536 argumentis
2370 2467 2522 2511 usus

316 2565 387 2620 et
430 2554 620 2620 facile
668 2565 765 2619 est
805 2556 1024 2621 videre
1071 2568 1135 2620 et
1179 2555 1436 2622 uberius
1485 2553 1756 2640 explicui
1799 2556 1867 2616 in
1895 2549 2147 2617 'iudicio
2190 2549 2365 2637 quod
2398 2549 2522 2613 feei
2656 2578 2659 2582 ’

315 2659 404 2723 de
449 2681 530 2724 eo
575 2659 745 2724 libro
788 2661 857 2723 in
883 2661 1101 2724 Jabnii
1132 2659 1484 2724 Annalibus
1519 2659 1709 2723 1841.
1742 2656 1989 2734 XXXII,
2035 2658 2094 2719 4.
2127 2678 2192 2740 p.
2224 2655 2347 2719 371
2384 2675 2521 2738 sqq.

314 2765 563 2828 Verum
622 2785 699 2827 ea
755 2768 969 2849 potius
1027 2762 1173 2827 dico
1224 2764 1584 2828 testimonia
1628 2773 1910 2825 veterum
1957 2756 2288 2824 dubitandi
2329 2766 2524 2821 mate-

313 2871 476 2932 riam
521 2878 591 2931 et
632 2888 768 2931 eam
815 2866 1067 2952 quidem
1113 2867 1409 2931 idoneam
1439 2865 1829 2952 praebuisse,
1876 2885 2038 2949 quae
2066 2866 2351 2949 ipsorum
2383 2860 2524 2924 Me-⁸

316 2972 798 3058 tapbysicorum
851 2970 930 3034 ad
977 2973 1289 3058 originem
1338 2981 1401 3035 et
1445 2970 1791 3034 editionem
1837 2972 2177 3054 pertinent.
2268 2967 2519 3029 Etenim

315 3073 655 3161 Asclepius
698 3078 765 3139 in
810 3077 1147 3160 prooemio
1193 3076 1623 3138 commentarii
1657 3076 1807 3149 eius,
1854 3091 2039 3157 quem
2070 3068 2149 3135 ad
2182 3069 2521 3154 Metaphy-

315 3183 449 3243 sica
495 3178 861 3244 Aristotelis
905 3180 1181 3263 scripsit,
1240 3178 1397 3243 haec
1455 3176 1678 3263 prodit
1717 3175 1863 3240 sch.
1908 3197 1970 3260 p.
2004 3175 2164 3239 519b
2195 3173 2309 3237 33:
2367 3168 2404 3235 ὁ
2449 3172 2520 3236 δὲ

317 3279 563 3369 τρόπος
608 3282 728 3361 τῆς
770 3276 1146 3358 συντάξεως,
1195 3277 1299 3345 ὅτι
1342 3283 1516 3345 ἔστιν
1546 3277 1589 3358 ἡ
1619 3280 1928 3365 παροῦσα
1956 3276 2374 3362 πραγματεία
2402 3270 2520 3358 οὐχ

323 3383 564 3467 ὁμοίως
609 3395 756 3460 ταῖς
797 3379 1030 3461 ἄλλαις
1071 3394 1218 3459 ταῖς
1261 3387 1381 3449 τοῦ
1418 3382 1900 3469 Ἀριστοτέλους
1941 3384 2522 3464 συγκεκροτημένη,

321 3486 474 3554 οὐδὲ
520 3482 598 3554 τὸ
645 3483 957 3553 εὔτακτόν
998 3510 1072 3552 τε
1112 3489 1226 3552 καὶ
1270 3488 1528 3570 συνεχὲς
1570 3487 1733 3569 ἔχειν
1784 3485 2102 3559 δοκοῦσα,
2157 3474 2329 3545 ἀλλὰ
2366 3475 2524 3545 τινα

314 3594 439 3676 μὲν
482 3594 690 3657 λείπει
732 3589 820 3668 ὡς
862 3585 1027 3676 πρὸς
1051 3584 1147 3655 ’τὸ
1193 3591 1449 3674 συνεχὲς
1491 3590 1611 3667 τῆς
1653 3586 1912 3667 λέξεως,
1951 3580 2035 3651 τὰ
2079 3587 2149 3650 δὲ
2190 3583 2259 3663 ἐξ
2301 3577 2524 3648 ἄλλων

313 3697 782 3782 πραγματειῶν
827 3690 1159 3782 ὁλόκληρα
1198 3687 1671 3777 μετενήνεκται,
1711 3674 1824 3755 icat
1864 3685 2180 3763 πολλάκις
2220 3680 2308 3750 τοὶ
2348 3681 2520 3751 αὐτοὶ

314 3801 503 3881 λέγει.
572 3795 1062 3879 ἀπολογοῦνται
1103 3798 1172 3862 δὲ
1216 3794 1376 3882 ὑπὲρ
1420 3790 1673 3871 τούτου,
1713 3795 1828 3858 καὶ
1861 3794 2090 3869 καλῶς,
2107 3789 2522 3875 ἀπολογοῦν-

312 3925 459 3980 ται,
516 3897 619 3967 ὅτι
675 3896 946 3984 γράψας
1000 3895 1125 3979 τὴν
1177 3900 1529 3985 παροῦσαν
1569 3898 2029 3981 πραγματείαν
2069 3898 2357 3983 ἔπεμψεν
2400 3892 2518 3959 αὐ-

315 3999 444 4084 τὴν
487 4000 776 4088 Εὐδήμῳ
819 4004 912 4086 τῷ
953 4005 1192 4092 ἑταίρῳ
1237 3999 1443 4068 αὐτοῦ
1485 4001 1578 4083 τῷ
1613 3998 1875 4082 Ῥοδίῳ·
1922 3996 2061 4064 εἶτα
2105 4004 2345 4074 ἐκεῖνος
2374 3994 2517 4062 ἑνό-

315 4129 470 4194 μισε
523 4103 616 4192 μὴ
675 4105 842 4172 εἶναι
892 4101 1101 4172 καλὸν
1143 4104 1229 4184 ὡς
1272 4107 1489 4192 ἔτυχεν
1533 4103 1903 4182 ἐκδοθῆναι
1948 4108 2037 4181 εὶς
2079 4096 2362 4179 πολλοὺς
2402 4124 2516 4179 τη-

433 4334 493 4403 1)
529 4341 590 4391 cf.
628 4338 779 4391 Stahr
813 4336 1097 4391 Aristotelia
1126 4336 1188 4389 IL
1225 4356 1277 4405 p.
1307 4347 1548 4390 1—166.
