<?xml version="1.0" encoding="UTF-8"?>
<!DOCTYPE html PUBLIC "-//W3C//DTD XHTML 1.0 Transitional//EN"
    "http://www.w3.org/TR/xhtml1/DTD/xhtml1-transitional.dtd">
<html xmlns="http://www.w3.org/1999/xhtml" xml:lang="en" lang="en">
 <head>
  <title>
</title>
<meta http-equiv="Content-Type" content="text/html;charset=utf-8" />
  <meta name='ocr-system' content='tesseract 3.04.00' />
  <meta name='ocr-capabilities' content='ocr_page ocr_carea ocr_par ocr_line ocrx_word'/>
</head>
<body>
  <div class='ocr_page' id='page_1' title='image "aristotelismeta02bonigoog_0199.png"; bbox 0 0 3043 4973; ppageno 0'>
   <div class='ocr_carea' id='block_1_1' title="bbox 1168 147 2541 293">
    <p class='ocr_par' dir='ltr' id='par_1_1' title="bbox 1168 147 2541 293">
     <span class='ocr_line' id='line_1_1' title="bbox 1168 147 2541 293; baseline 0.002 -3"><span class='ocrx_word' id='word_1_1' title='bbox 1168 219 1244 290; x_wconf 93' lang='grc' dir='ltr'><strong>Γ</strong></span> <span class='ocrx_word' id='word_1_2' title='bbox 1282 217 1352 291; x_wconf 89' lang='grc'><strong>3.</strong></span> <span class='ocrx_word' id='word_1_3' title='bbox 1436 147 1706 292; x_wconf 53' lang='lat' dir='ltr'><strong>moab.</strong></span> <span class='ocrx_word' id='word_1_4' title='bbox 2400 216 2541 293; x_wconf 83' lang='lat'><strong>187</strong></span> 
     </span>
    </p>
   </div>
   <div class='ocr_carea' id='block_1_2' title="bbox 328 391 2632 4553">
    <p class='ocr_par' dir='ltr' id='par_1_2' title="bbox 328 391 2632 4553">
     <span class='ocr_line' id='line_1_2' title="bbox 330 391 2544 481; baseline 0 -20"><span class='ocrx_word' id='word_1_5' title='bbox 330 403 544 461; x_wconf 87' lang='lat' dir='ltr'><strong>autem</strong></span> <span class='ocrx_word' id='word_1_6' title='bbox 590 396 722 460; x_wconf 89' lang='lat' dir='ltr'><strong>sint</strong></span> <span class='ocrx_word' id='word_1_7' title='bbox 762 402 1092 481; x_wconf 83' lang='lat' dir='ltr'><strong>praeterea</strong></span> <span class='ocrx_word' id='word_1_8' title='bbox 1137 392 1494 460; x_wconf 88' lang='lat' dir='ltr'><strong>adiicienda</strong></span> <span class='ocrx_word' id='word_1_9' title='bbox 1536 391 1621 458; x_wconf 91' lang='lat' dir='ltr'><strong>ad</strong></span> <span class='ocrx_word' id='word_1_10' title='bbox 1667 391 2210 459; x_wconf 84' lang='lat' dir='ltr'><strong>determinandum</strong></span> <span class='ocrx_word' id='word_1_11' title='bbox 2256 403 2321 460; x_wconf 88' lang='lat' dir='ltr'><strong>et</strong></span> <span class='ocrx_word' id='word_1_12' title='bbox 2362 416 2544 462; x_wconf 87' lang='lat' dir='ltr'><strong>accu-</strong></span> 
     </span>
     <span class='ocr_line' id='line_1_3' title="bbox 331 496 2544 585; baseline -0 -20"><span class='ocrx_word' id='word_1_13' title='bbox 331 510 473 565; x_wconf 87' lang='lat' dir='ltr'><strong>rate</strong></span> <span class='ocrx_word' id='word_1_14' title='bbox 532 496 1166 564; x_wconf 87' lang='lat' dir='ltr'><strong>circumscribendum</strong></span> <span class='ocrx_word' id='word_1_15' title='bbox 1221 497 1387 564; x_wconf 89' lang='lat' dir='ltr'><strong>illud</strong></span> <span class='ocrx_word' id='word_1_16' title='bbox 1448 501 1628 584; x_wconf 83' lang='lat' dir='ltr'>quasi</span> <span class='ocrx_word' id='word_1_17' title='bbox 1683 508 1984 585; x_wconf 88' lang='lat' dir='ltr'><strong>punctum</strong></span> <span class='ocrx_word' id='word_1_18' title='bbox 2029 497 2409 579; x_wconf 88' lang='lat' dir='ltr'><strong>identitatis,</strong></span> <span class='ocrx_word' id='word_1_19' title='bbox 2466 522 2544 565; x_wconf 84' lang='lat' dir='ltr'><strong>ex</strong></span> 
     </span>
     <span class='ocr_line' id='line_1_4' title="bbox 332 592 2543 691; baseline -0.001 -21"><span class='ocrx_word' id='word_1_20' title='bbox 332 603 497 670; x_wconf 89' lang='lat' dir='ltr'><strong>locis</strong></span> <span class='ocrx_word' id='word_1_21' title='bbox 544 605 835 691; x_wconf 79' lang='lat' dir='ltr'><strong>cognatis</strong></span> <span class='ocrx_word' id='word_1_22' title='bbox 879 592 1153 689; x_wconf 74' lang='lat' dir='ltr'><strong>perspici</strong></span> <span class='ocrx_word' id='word_1_23' title='bbox 1196 613 1427 689; x_wconf 88' lang='lat' dir='ltr'><strong>potest,</strong></span> <span class='ocrx_word' id='word_1_24' title='bbox 1473 604 1582 688; x_wconf 91' lang='lat' dir='ltr'><strong>qui</strong></span> <span class='ocrx_word' id='word_1_25' title='bbox 1627 611 1776 667; x_wconf 88' lang='lat' dir='ltr'><strong>sunt</strong></span> <span class='ocrx_word' id='word_1_26' title='bbox 1811 601 1894 666; x_wconf 93' lang='lat' dir='ltr'><strong>de</strong></span> <span class='ocrx_word' id='word_1_27' title='bbox 1934 602 2438 668; x_wconf 82' lang='lat' dir='ltr'><strong>contradictione</strong></span> <span class='ocrx_word' id='word_1_28' title='bbox 2477 614 2543 668; x_wconf 90' lang='lat' dir='ltr'><strong>et</strong></span> 
     </span>
     <span class='ocr_line' id='line_1_5' title="bbox 336 705 2544 794; baseline -0.001 -20"><span class='ocrx_word' id='word_1_29' title='bbox 336 709 420 774; x_wconf 89' lang='lat' dir='ltr'><strong>de</strong></span> <span class='ocrx_word' id='word_1_30' title='bbox 463 707 855 774; x_wconf 85' lang='lat' dir='ltr'><strong>deductione</strong></span> <span class='ocrx_word' id='word_1_31' title='bbox 900 705 983 772; x_wconf 89' lang='lat' dir='ltr'><strong>ad</strong></span> <span class='ocrx_word' id='word_1_32' title='bbox 1027 705 1390 772; x_wconf 87' lang='lat' dir='ltr'><strong>absurdum.</strong></span> <span class='ocrx_word' id='word_1_33' title='bbox 1464 706 1665 793; x_wconf 90' lang='lat' dir='ltr'><strong>Soph.</strong></span> <span class='ocrx_word' id='word_1_34' title='bbox 1713 705 1793 771; x_wconf 91' lang='lat' dir='ltr'><strong>el.</strong></span> <span class='ocrx_word' id='word_1_35' title='bbox 1833 709 1893 772; x_wconf 82' lang='lat'><strong>5.</strong></span> <span class='ocrx_word' id='word_1_36' title='bbox 1937 708 2240 773; x_wconf 73' lang='lat'><strong>1671123:</strong></span> <span class='ocrx_word' id='word_1_37' title='bbox 2286 708 2544 794; x_wconf 68' lang='grc' dir='ltr'><strong><em>ἔλεγχος</em></strong></span> 
     </span>
     <span class='ocr_line' id='line_1_6' title="bbox 334 804 2545 901; baseline -0.001 -23"><span class='ocrx_word' id='word_1_38' title='bbox 334 813 457 897; x_wconf 78' lang='grc' dir='ltr'><strong>μὲν</strong></span> <span class='ocrx_word' id='word_1_39' title='bbox 499 808 627 898; x_wconf 74' lang='grc' dir='ltr'><strong>γὰρ</strong></span> <span class='ocrx_word' id='word_1_40' title='bbox 675 807 1031 901; x_wconf 79' lang='grc' dir='ltr'><strong><em>ἀντίφασις</em></strong></span> <span class='ocrx_word' id='word_1_41' title='bbox 1072 813 1193 877; x_wconf 82' lang='grc' dir='ltr'><strong>τοῦ</strong></span> <span class='ocrx_word' id='word_1_42' title='bbox 1233 807 1440 876; x_wconf 84' lang='grc' dir='ltr'><strong><em>αὐτοῦ</em></strong></span> <span class='ocrx_word' id='word_1_43' title='bbox 1481 812 1596 875; x_wconf 86' lang='grc' dir='ltr'><strong>καὶ</strong></span> <span class='ocrx_word' id='word_1_44' title='bbox 1637 805 1812 889; x_wconf 78' lang='grc' dir='ltr'><strong><em>ἑνός,</em></strong></span> <span class='ocrx_word' id='word_1_45' title='bbox 1856 804 1950 895; x_wconf 85' lang='grc' dir='ltr'><strong>μὴ</strong></span> <span class='ocrx_word' id='word_1_46' title='bbox 1998 806 2327 895; x_wconf 85' lang='grc' dir='ltr'><strong><em>ὀνόματος</em></strong></span> <span class='ocrx_word' id='word_1_47' title='bbox 2370 805 2545 877; x_wconf 77' lang='grc' dir='ltr'><em>ἀλλὰ</em></span> 
     </span>
     <span class='ocr_line' id='line_1_7' title="bbox 335 907 2544 1005; baseline 0 -25"><span class='ocrx_word' id='word_1_48' title='bbox 335 910 757 1005; x_wconf 76' lang='grc' dir='ltr'><strong><em>πράγματος,</em></strong></span> <span class='ocrx_word' id='word_1_49' title='bbox 811 915 926 980; x_wconf 83' lang='grc' dir='ltr'><strong>καὶ</strong></span> <span class='ocrx_word' id='word_1_50' title='bbox 979 908 1310 998; x_wconf 83' lang='grc' dir='ltr'><strong><em>ὀνόματος</em></strong></span> <span class='ocrx_word' id='word_1_51' title='bbox 1363 907 1455 997; x_wconf 82' lang='grc' dir='ltr'><strong>μὴ</strong></span> <span class='ocrx_word' id='word_1_52' title='bbox 1511 909 1896 997; x_wconf 83' lang='grc' dir='ltr'><strong><em>συνωνύμου</em></strong></span> <span class='ocrx_word' id='word_1_53' title='bbox 1944 908 2117 979; x_wconf 72' lang='grc' dir='ltr'><em>ἀλλὰ</em></span> <span class='ocrx_word' id='word_1_54' title='bbox 2158 918 2278 982; x_wconf 79' lang='grc' dir='ltr'><strong>τοῦ</strong></span> <span class='ocrx_word' id='word_1_55' title='bbox 2322 913 2544 995; x_wconf 79' lang='grc' dir='ltr'><strong><em>αὐτοῦ,</em></strong></span> 
     </span>
     <span class='ocr_line' id='line_1_8' title="bbox 338 1010 2545 1105; baseline -0 -21"><span class='ocrx_word' id='word_1_56' title='bbox 338 1057 426 1070; x_wconf 91' lang='lat'><strong>—-·</strong></span> <span class='ocrx_word' id='word_1_57' title='bbox 455 1013 629 1084; x_wconf 78' lang='grc' dir='ltr'><strong><em>κατὰ</em></strong></span> <span class='ocrx_word' id='word_1_58' title='bbox 659 1014 861 1085; x_wconf 82' lang='grc' dir='ltr'><strong>ταὺτὸ</strong></span> <span class='ocrx_word' id='word_1_59' title='bbox 897 1020 1012 1084; x_wconf 82' lang='grc' dir='ltr'><strong>καὶ</strong></span> <span class='ocrx_word' id='word_1_60' title='bbox 1044 1010 1213 1105; x_wconf 80' lang='grc' dir='ltr'><strong><em>πρὸς</em></strong></span> <span class='ocrx_word' id='word_1_61' title='bbox 1251 1010 1455 1083; x_wconf 83' lang='grc' dir='ltr'><strong>ταύτὸ</strong></span> <span class='ocrx_word' id='word_1_62' title='bbox 1498 1020 1612 1083; x_wconf 82' lang='grc' dir='ltr'><strong>καὶ</strong></span> <span class='ocrx_word' id='word_1_63' title='bbox 1645 1013 1953 1095; x_wconf 82' lang='grc' dir='ltr'><em>ὡσαύτως</em></span> <span class='ocrx_word' id='word_1_64' title='bbox 1986 1020 2100 1085; x_wconf 86' lang='grc' dir='ltr'><strong>καὶ</strong></span> <span class='ocrx_word' id='word_1_65' title='bbox 2133 1024 2204 1084; x_wconf 79' lang='grc' dir='ltr'><strong>ὲν</strong></span> <span class='ocrx_word' id='word_1_66' title='bbox 2236 1022 2331 1104; x_wconf 74' lang='grc' dir='ltr'><strong>τῷ</strong></span> <span class='ocrx_word' id='word_1_67' title='bbox 2365 1017 2545 1103; x_wconf 74' lang='grc' dir='ltr'><strong>αὐτῷ</strong></span> 
     </span>
     <span class='ocr_line' id='line_1_9' title="bbox 331 1117 2548 1211; baseline -0 -23"><span class='ocrx_word' id='word_1_68' title='bbox 331 1119 570 1211; x_wconf 82' lang='grc' dir='ltr'><strong><em>χρόνῳ.</em></strong></span> <span class='ocrx_word' id='word_1_69' title='bbox 666 1123 748 1188; x_wconf 90' lang='lat' dir='ltr'><strong>de</strong></span> <span class='ocrx_word' id='word_1_70' title='bbox 802 1125 1065 1208; x_wconf 80' lang='lat' dir='ltr'>interpr.</span> <span class='ocrx_word' id='word_1_71' title='bbox 1122 1124 1186 1187; x_wconf 83' lang='lat'><strong>6.</strong></span> <span class='ocrx_word' id='word_1_72' title='bbox 1245 1124 1367 1187; x_wconf 81' lang='lat' dir='ltr'><strong>17a</strong></span> <span class='ocrx_word' id='word_1_73' title='bbox 1415 1123 1532 1187; x_wconf 80' lang='lat'><strong>34:</strong></span> <span class='ocrx_word' id='word_1_74' title='bbox 1589 1122 1755 1202; x_wconf 77' lang='grc' dir='ltr'><em>λέγω</em></span> <span class='ocrx_word' id='word_1_75' title='bbox 1818 1118 1876 1186; x_wconf 84' lang='grc' dir='ltr'><strong>δ’</strong></span> <span class='ocrx_word' id='word_1_76' title='bbox 1936 1119 2356 1209; x_wconf 70' lang='grc' dir='ltr'><strong><em>ἀντικεῖσθαι</em></strong></span> <span class='ocrx_word' id='word_1_77' title='bbox 2421 1117 2548 1203; x_wconf 83' lang='grc' dir='ltr'><strong>τὴν</strong></span> 
     </span>
     <span class='ocr_line' id='line_1_10' title="bbox 339 1219 2547 1312; baseline 0 -20"><span class='ocrx_word' id='word_1_78' title='bbox 339 1228 461 1293; x_wconf 86' lang='grc' dir='ltr'><strong>τοῦ</strong></span> <span class='ocrx_word' id='word_1_79' title='bbox 504 1223 712 1292; x_wconf 82' lang='grc' dir='ltr'><strong><em>αὐτοῦ</em></strong></span> <span class='ocrx_word' id='word_1_80' title='bbox 753 1222 922 1292; x_wconf 78' lang='grc' dir='ltr'><strong><em>κατὰ</em></strong></span> <span class='ocrx_word' id='word_1_81' title='bbox 969 1228 1087 1292; x_wconf 81' lang='grc' dir='ltr'><strong>τοῦ</strong></span> <span class='ocrx_word' id='word_1_82' title='bbox 1130 1222 1336 1292; x_wconf 82' lang='grc' dir='ltr'><strong><em>αὑτοῦ</em></strong></span> <span class='ocrx_word' id='word_1_83' title='bbox 1376 1219 1470 1311; x_wconf 81' lang='grc' dir='ltr'><strong>μὴ</strong></span> <span class='ocrx_word' id='word_1_84' title='bbox 1514 1220 1863 1312; x_wconf 79' lang='grc' dir='ltr'><strong><em>ὁμονύμως</em></strong></span> <span class='ocrx_word' id='word_1_85' title='bbox 1906 1226 1994 1305; x_wconf 72' lang='grc' dir='ltr'><strong>δέ,</strong></span> <span class='ocrx_word' id='word_1_86' title='bbox 2043 1229 2156 1293; x_wconf 81' lang='grc' dir='ltr'><strong>καὶ</strong></span> <span class='ocrx_word' id='word_1_87' title='bbox 2198 1222 2331 1293; x_wconf 83' lang='grc' dir='ltr'><strong>ὅσα</strong></span> <span class='ocrx_word' id='word_1_88' title='bbox 2372 1225 2547 1293; x_wconf 83' lang='grc' dir='ltr'><strong><em>ἄλλα</em></strong></span> 
     </span>
     <span class='ocr_line' id='line_1_11' title="bbox 342 1322 2547 1422; baseline 0 -26"><span class='ocrx_word' id='word_1_89' title='bbox 342 1334 474 1396; x_wconf 82' lang='grc' dir='ltr'><strong>τῶν</strong></span> <span class='ocrx_word' id='word_1_90' title='bbox 528 1326 845 1396; x_wconf 82' lang='grc' dir='ltr'><strong><em>τοιούτων</em></strong></span> <span class='ocrx_word' id='word_1_91' title='bbox 898 1325 1511 1417; x_wconf 62' lang='grc' dir='ltr'><strong><em>ηροσδιοριζόμεθὰ</em></strong></span> <span class='ocrx_word' id='word_1_92' title='bbox 1575 1322 1781 1418; x_wconf 79' lang='grc' dir='ltr'><strong><em>πρὸς</em></strong></span> <span class='ocrx_word' id='word_1_93' title='bbox 1843 1323 1989 1407; x_wconf 81' lang='grc' dir='ltr'><strong>τὰς</strong></span> <span class='ocrx_word' id='word_1_94' title='bbox 2048 1324 2547 1422; x_wconf 75' lang='grc' dir='ltr'><strong><em>σοφιστικὰς</em></strong></span> 
     </span>
     <span class='ocr_line' id='line_1_12' title="bbox 345 1428 2548 1521; baseline 0 -22"><span class='ocrx_word' id='word_1_95' title='bbox 345 1431 853 1521; x_wconf 79' lang='grc' dir='ltr'><strong><em>ἑνοχλήσεις,</em></strong></span> <span class='ocrx_word' id='word_1_96' title='bbox 898 1434 1074 1521; x_wconf 92' lang='lat' dir='ltr'><strong>quod</strong></span> <span class='ocrx_word' id='word_1_97' title='bbox 1117 1435 1243 1499; x_wconf 91' lang='lat' dir='ltr'><strong>hoc</strong></span> <span class='ocrx_word' id='word_1_98' title='bbox 1286 1434 1435 1500; x_wconf 91' lang='lat' dir='ltr'><strong>loco</strong></span> <span class='ocrx_word' id='word_1_99' title='bbox 1474 1434 1629 1500; x_wconf 90' lang='lat' dir='ltr'><strong>dicit</strong></span> <span class='ocrx_word' id='word_1_100' title='bbox 1662 1428 1830 1521; x_wconf 83' lang='grc' dir='ltr'><strong><em>πρὸς</em></strong></span> <span class='ocrx_word' id='word_1_101' title='bbox 1863 1428 1984 1511; x_wconf 78' lang='grc' dir='ltr'><strong>τὰς</strong></span> <span class='ocrx_word' id='word_1_102' title='bbox 2019 1428 2283 1519; x_wconf 72' lang='grc' dir='ltr'><strong><em>λογικὰς</em></strong></span> <span class='ocrx_word' id='word_1_103' title='bbox 2319 1436 2548 1520; x_wconf 79' lang='grc' dir='ltr'><strong><em>δυσχε-</em></strong></span> 
     </span>
     <span class='ocr_line' id='line_1_13' title="bbox 344 1538 2547 1627; baseline 0 -24"><span class='ocrx_word' id='word_1_104' title='bbox 344 1540 527 1627; x_wconf 81' lang='grc' dir='ltr'><strong><em>ρείας</em></strong></span> <span class='ocrx_word' id='word_1_105' title='bbox 566 1539 628 1603; x_wconf 93' lang='lat' dir='ltr'><strong>h.</strong></span> <span class='ocrx_word' id='word_1_106' title='bbox 659 1560 714 1604; x_wconf 96' lang='lat' dir='ltr'><strong>e.</strong></span> <span class='ocrx_word' id='word_1_107' title='bbox 759 1562 845 1605; x_wconf 87' lang='lat' dir='ltr'><strong>ne</strong></span> <span class='ocrx_word' id='word_1_108' title='bbox 888 1541 1204 1626; x_wconf 67' lang='lat' dir='ltr'><strong>sophistiS,</strong></span> <span class='ocrx_word' id='word_1_109' title='bbox 1251 1538 1574 1626; x_wconf 86' lang='lat' dir='ltr'><strong>descripto</strong></span> <span class='ocrx_word' id='word_1_110' title='bbox 1619 1559 1839 1626; x_wconf 88' lang='lat' dir='ltr'><strong>parum</strong></span> <span class='ocrx_word' id='word_1_111' title='bbox 1884 1548 2176 1604; x_wconf 87' lang='lat' dir='ltr'><strong>accurate</strong></span> <span class='ocrx_word' id='word_1_112' title='bbox 2213 1542 2547 1626; x_wconf 86' lang='lat' dir='ltr'><strong>principio,</strong></span> 
     </span>
     <span class='ocr_line' id='line_1_14' title="bbox 344 1639 2549 1731; baseline -0.001 -22"><span class='ocrx_word' id='word_1_113' title='bbox 344 1647 750 1709; x_wconf 81' lang='lat' dir='ltr'><strong>occasionem</strong></span> <span class='ocrx_word' id='word_1_114' title='bbox 795 1644 1214 1731; x_wconf 76' lang='lat' dir='ltr'><strong>praebeamus</strong></span> <span class='ocrx_word' id='word_1_115' title='bbox 1252 1646 1583 1729; x_wconf 72' lang='lat' dir='ltr'><strong>speciosae</strong></span> <span class='ocrx_word' id='word_1_116' title='bbox 1619 1643 2041 1709; x_wconf 77' lang='lat' dir='ltr'><strong>refutationis.</strong></span> <span class='ocrx_word' id='word_1_117' title='bbox 2108 1645 2235 1709; x_wconf 90' lang='lat' dir='ltr'><strong>Eas</strong></span> <span class='ocrx_word' id='word_1_118' title='bbox 2274 1639 2549 1708; x_wconf 81' lang='lat' dir='ltr'><strong>difficul-</strong></span> 
     </span>
     <span class='ocr_line' id='line_1_15' title="bbox 341 1747 2547 1834; baseline 0.001 -23"><span class='ocrx_word' id='word_1_119' title='bbox 341 1757 534 1826; x_wconf 87' lang='lat' dir='ltr'><strong>tates,</strong></span> <span class='ocrx_word' id='word_1_120' title='bbox 602 1770 757 1834; x_wconf 89' lang='lat' dir='ltr'><strong>quas</strong></span> <span class='ocrx_word' id='word_1_121' title='bbox 823 1750 1146 1814; x_wconf 83' lang='lat' dir='ltr'><strong>facessunt</strong></span> <span class='ocrx_word' id='word_1_122' title='bbox 1210 1750 1505 1834; x_wconf 88' lang='lat' dir='ltr'><strong>principii</strong></span> <span class='ocrx_word' id='word_1_123' title='bbox 1565 1747 2091 1813; x_wconf 83' lang='lat' dir='ltr'><strong>contradictionis</strong></span> <span class='ocrx_word' id='word_1_124' title='bbox 2148 1747 2547 1826; x_wconf 84' lang='lat' dir='ltr'><strong>infitiatores,</strong></span> 
     </span>
     <span class='ocr_line' id='line_1_16' title="bbox 344 1849 2548 1941; baseline 0 -24"><span class='ocrx_word' id='word_1_125' title='bbox 344 1852 520 1938; x_wconf 89' lang='lat' dir='ltr'><strong>quod</strong></span> <span class='ocrx_word' id='word_1_126' title='bbox 575 1849 918 1938; x_wconf 78' lang='grc' dir='ltr'><strong><em>λογικάς</em></strong></span> <span class='ocrx_word' id='word_1_127' title='bbox 973 1852 1285 1941; x_wconf 87' lang='lat' dir='ltr'><strong>appellat,</strong></span> <span class='ocrx_word' id='word_1_128' title='bbox 1352 1851 1742 1917; x_wconf 84' lang='lat' dir='ltr'><strong>conferenda</strong></span> <span class='ocrx_word' id='word_1_129' title='bbox 1804 1862 1952 1918; x_wconf 88' lang='lat' dir='ltr'><strong>sunt</strong></span> <span class='ocrx_word' id='word_1_130' title='bbox 2009 1873 2171 1938; x_wconf 89' lang='lat' dir='ltr'><strong>quae</strong></span> <span class='ocrx_word' id='word_1_131' title='bbox 2228 1851 2311 1917; x_wconf 90' lang='lat' dir='ltr'><strong>de</strong></span> <span class='ocrx_word' id='word_1_132' title='bbox 2366 1855 2548 1918; x_wconf 86' lang='lat' dir='ltr'><strong>vario</strong></span> 
     </span>
     <span class='ocr_line' id='line_1_17' title="bbox 344 1953 2550 2045; baseline 0 -24"><span class='ocrx_word' id='word_1_133' title='bbox 344 1957 530 2022; x_wconf 90' lang='lat' dir='ltr'><strong>huius</strong></span> <span class='ocrx_word' id='word_1_134' title='bbox 574 1956 871 2022; x_wconf 84' lang='lat' dir='ltr'><strong>vocabuli</strong></span> <span class='ocrx_word' id='word_1_135' title='bbox 917 1980 1036 2023; x_wconf 86' lang='lat' dir='ltr'><strong>usu</strong></span> <span class='ocrx_word' id='word_1_136' title='bbox 1066 1955 1475 2023; x_wconf 86' lang='lat' dir='ltr'><strong>Aristotelico</strong></span> <span class='ocrx_word' id='word_1_137' title='bbox 1524 1968 1671 2043; x_wconf 88' lang='lat' dir='ltr'><strong>apte</strong></span> <span class='ocrx_word' id='word_1_138' title='bbox 1716 1953 1983 2045; x_wconf 80' lang='lat' dir='ltr'><strong>collegit</strong></span> <span class='ocrx_word' id='word_1_139' title='bbox 2027 1968 2091 2021; x_wconf 91' lang='lat' dir='ltr'><strong>et</strong></span> <span class='ocrx_word' id='word_1_140' title='bbox 2130 1956 2409 2023; x_wconf 88' lang='lat' dir='ltr'><strong>dilucide</strong></span> <span class='ocrx_word' id='word_1_141' title='bbox 2449 1979 2550 2022; x_wconf 85' lang='lat' dir='ltr'><strong>ex-</strong></span> 
     </span>
     <span class='ocr_line' id='line_1_18' title="bbox 344 2060 2552 2151; baseline -0 -25"><span class='ocrx_word' id='word_1_142' title='bbox 344 2065 564 2148; x_wconf 87' lang='lat' dir='ltr'><strong>posuit</strong></span> <span class='ocrx_word' id='word_1_143' title='bbox 591 2063 821 2127; x_wconf 88' lang='lat' dir='ltr'><strong>Waitz</strong></span> <span class='ocrx_word' id='word_1_144' title='bbox 852 2063 1015 2151; x_wconf 82' lang='lat' dir='ltr'><strong>Org.</strong></span> <span class='ocrx_word' id='word_1_145' title='bbox 1045 2063 1123 2126; x_wconf 88' lang='lat'><strong>11.</strong></span> <span class='ocrx_word' id='word_1_146' title='bbox 1163 2086 1227 2148; x_wconf 92' lang='lat' dir='ltr'><strong>p.</strong></span> <span class='ocrx_word' id='word_1_147' title='bbox 1259 2063 1391 2126; x_wconf 86' lang='lat'><strong>353</strong></span> <span class='ocrx_word' id='word_1_148' title='bbox 1420 2081 1556 2146; x_wconf 87' lang='lat' dir='ltr'><strong>sqq.</strong></span> <span class='ocrx_word' id='word_1_149' title='bbox 1630 2061 1727 2125; x_wconf 85' lang='lat' dir='ltr'><strong>Ex</strong></span> <span class='ocrx_word' id='word_1_150' title='bbox 1771 2060 1932 2126; x_wconf 88' lang='lat' dir='ltr'><strong>locis</strong></span> <span class='ocrx_word' id='word_1_151' title='bbox 1976 2061 2064 2126; x_wconf 90' lang='lat' dir='ltr'><strong>ibi</strong></span> <span class='ocrx_word' id='word_1_152' title='bbox 2111 2061 2397 2127; x_wconf 89' lang='lat' dir='ltr'><strong>collectis</strong></span> <span class='ocrx_word' id='word_1_153' title='bbox 2442 2082 2552 2147; x_wconf 87' lang='lat' dir='ltr'><strong>ap-</strong></span> 
     </span>
     <span class='ocr_line' id='line_1_19' title="bbox 345 2161 2550 2252; baseline 0 -23"><span class='ocrx_word' id='word_1_154' title='bbox 345 2178 560 2252; x_wconf 90' lang='lat' dir='ltr'><strong>paret,</strong></span> <span class='ocrx_word' id='word_1_155' title='bbox 614 2188 750 2231; x_wconf 90' lang='lat' dir='ltr'><strong>non</strong></span> <span class='ocrx_word' id='word_1_156' title='bbox 801 2170 1008 2232; x_wconf 89' lang='lat' dir='ltr'><strong>minus</strong></span> <span class='ocrx_word' id='word_1_157' title='bbox 1051 2165 1181 2231; x_wconf 87' lang='lat' dir='ltr'><strong>late</strong></span> <span class='ocrx_word' id='word_1_158' title='bbox 1224 2174 1446 2252; x_wconf 86' lang='lat' dir='ltr'><strong>patere</strong></span> <span class='ocrx_word' id='word_1_159' title='bbox 1491 2187 1673 2231; x_wconf 86' lang='lat' dir='ltr'><strong>usum</strong></span> <span class='ocrx_word' id='word_1_160' title='bbox 1719 2165 2018 2230; x_wconf 86' lang='lat' dir='ltr'><strong>adiectivi</strong></span> <span class='ocrx_word' id='word_1_161' title='bbox 2060 2161 2321 2251; x_wconf 77' lang='grc' dir='ltr'><strong><em>λογικός</em></strong></span> <span class='ocrx_word' id='word_1_162' title='bbox 2364 2186 2550 2251; x_wconf 90' lang='lat' dir='ltr'><strong>quam</strong></span> 
     </span>
     <span class='ocr_line' id='line_1_20' title="bbox 348 2266 2552 2358; baseline -0.001 -23"><span class='ocrx_word' id='word_1_163' title='bbox 348 2273 515 2349; x_wconf 77' lang='lat' dir='ltr'><strong>eiuS,</strong></span> <span class='ocrx_word' id='word_1_164' title='bbox 573 2270 743 2336; x_wconf 89' lang='lat' dir='ltr'><strong>unde</strong></span> <span class='ocrx_word' id='word_1_165' title='bbox 788 2275 1092 2349; x_wconf 82' lang='lat' dir='ltr'><strong>manavit,</strong></span> <span class='ocrx_word' id='word_1_166' title='bbox 1150 2269 1529 2335; x_wconf 88' lang='lat' dir='ltr'><strong>substantivi</strong></span> <span class='ocrx_word' id='word_1_167' title='bbox 1573 2266 1788 2355; x_wconf 78' lang='grc' dir='ltr'><strong><em>λόγος,</em></strong></span> <span class='ocrx_word' id='word_1_168' title='bbox 1832 2294 1952 2358; x_wconf 92' lang='lat' dir='ltr'><strong>qua</strong></span> <span class='ocrx_word' id='word_1_169' title='bbox 2000 2272 2254 2358; x_wconf 90' lang='lat' dir='ltr'><strong>quidem</strong></span> <span class='ocrx_word' id='word_1_170' title='bbox 2299 2290 2552 2355; x_wconf 89' lang='lat' dir='ltr'><strong>compa-</strong></span> 
     </span>
     <span class='ocr_line' id='line_1_21' title="bbox 345 2374 2550 2463; baseline -0 -25"><span class='ocrx_word' id='word_1_171' title='bbox 345 2378 596 2440; x_wconf 85' lang='lat' dir='ltr'><strong>ratione</strong></span> <span class='ocrx_word' id='word_1_172' title='bbox 639 2374 746 2440; x_wconf 89' lang='lat' dir='ltr'><strong>vel</strong></span> <span class='ocrx_word' id='word_1_173' title='bbox 794 2396 865 2438; x_wconf 91' lang='lat' dir='ltr'><strong>ea</strong></span> <span class='ocrx_word' id='word_1_174' title='bbox 911 2384 1218 2461; x_wconf 85' lang='lat' dir='ltr'><strong>poterunt</strong></span> <span class='ocrx_word' id='word_1_175' title='bbox 1262 2374 1619 2454; x_wconf 89' lang='lat' dir='ltr'><strong>conciliari,</strong></span> <span class='ocrx_word' id='word_1_176' title='bbox 1664 2398 1825 2462; x_wconf 90' lang='lat' dir='ltr'><strong>quae</strong></span> <span class='ocrx_word' id='word_1_177' title='bbox 1869 2380 2037 2443; x_wconf 88' lang='lat' dir='ltr'><strong>inter</strong></span> <span class='ocrx_word' id='word_1_178' title='bbox 2079 2398 2148 2441; x_wconf 93' lang='lat' dir='ltr'><strong>se</strong></span> <span class='ocrx_word' id='word_1_179' title='bbox 2192 2394 2550 2463; x_wconf 80' lang='lat' dir='ltr'><strong>repugnare</strong></span> 
     </span>
     <span class='ocr_line' id='line_1_22' title="bbox 346 2476 2553 2567; baseline 0 -24"><span class='ocrx_word' id='word_1_180' title='bbox 346 2478 702 2545; x_wconf 85' lang='lat' dir='ltr'><strong>videantur.</strong></span> <span class='ocrx_word' id='word_1_181' title='bbox 769 2479 855 2544; x_wconf 91' lang='lat' dir='ltr'><strong>Et</strong></span> <span class='ocrx_word' id='word_1_182' title='bbox 896 2480 1021 2545; x_wconf 91' lang='lat' dir='ltr'><strong>hoc</strong></span> <span class='ocrx_word' id='word_1_183' title='bbox 1067 2476 1318 2565; x_wconf 87' lang='lat' dir='ltr'><strong>quidem</strong></span> <span class='ocrx_word' id='word_1_184' title='bbox 1354 2478 1506 2545; x_wconf 90' lang='lat' dir='ltr'><strong>loco</strong></span> <span class='ocrx_word' id='word_1_185' title='bbox 1540 2481 1799 2565; x_wconf 79' lang='grc' dir='ltr'><strong><em>λογικαὶ</em></strong></span> <span class='ocrx_word' id='word_1_186' title='bbox 1829 2480 2189 2567; x_wconf 77' lang='grc' dir='ltr'><strong><em>δυσχέρειαι</em></strong></span> <span class='ocrx_word' id='word_1_187' title='bbox 2220 2500 2334 2545; x_wconf 89' lang='lat' dir='ltr'><strong>eae</strong></span> <span class='ocrx_word' id='word_1_188' title='bbox 2366 2488 2553 2543; x_wconf 90' lang='lat' dir='ltr'><strong>erunt</strong></span> 
     </span>
     <span class='ocr_line' id='line_1_23' title="bbox 348 2583 2553 2671; baseline 0 -23"><span class='ocrx_word' id='word_1_189' title='bbox 348 2583 854 2649; x_wconf 85' lang='lat' dir='ltr'><strong>adversariorum</strong></span> <span class='ocrx_word' id='word_1_190' title='bbox 899 2587 1513 2671; x_wconf 82' lang='lat' dir='ltr'><strong>argumentationes,</strong></span> <span class='ocrx_word' id='word_1_191' title='bbox 1560 2607 1722 2671; x_wconf 82' lang='lat' dir='ltr'><strong>quae</strong></span> <span class='ocrx_word' id='word_1_192' title='bbox 1765 2606 1900 2650; x_wconf 92' lang='lat' dir='ltr'><strong>non</strong></span> <span class='ocrx_word' id='word_1_193' title='bbox 1948 2608 2022 2649; x_wconf 85' lang='lat' dir='ltr'><strong>ex</strong></span> <span class='ocrx_word' id='word_1_194' title='bbox 2066 2587 2205 2671; x_wconf 89' lang='lat' dir='ltr'><strong>ipsa</strong></span> <span class='ocrx_word' id='word_1_195' title='bbox 2249 2587 2344 2648; x_wconf 94' lang='lat' dir='ltr'><strong>rei</strong></span> <span class='ocrx_word' id='word_1_196' title='bbox 2385 2583 2553 2649; x_wconf 85' lang='lat' dir='ltr'><strong>refu-</strong></span> 
     </span>
     <span class='ocr_line' id='line_1_24' title="bbox 347 2685 2553 2775; baseline -0.001 -22"><span class='ocrx_word' id='word_1_197' title='bbox 347 2687 580 2754; x_wconf 89' lang='lat' dir='ltr'><strong>tandae</strong></span> <span class='ocrx_word' id='word_1_198' title='bbox 609 2699 853 2767; x_wconf 84' lang='lat' dir='ltr'><strong>natura,</strong></span> <span class='ocrx_word' id='word_1_199' title='bbox 883 2686 996 2752; x_wconf 88' lang='lat' dir='ltr'><strong>sed</strong></span> <span class='ocrx_word' id='word_1_200' title='bbox 1024 2690 1212 2752; x_wconf 82' lang='lat' dir='ltr'><strong>unice</strong></span> <span class='ocrx_word' id='word_1_201' title='bbox 1244 2692 1314 2752; x_wconf 80' lang='grc' dir='ltr'><strong>ἑκ</strong></span> <span class='ocrx_word' id='word_1_202' title='bbox 1346 2690 1478 2762; x_wconf 78' lang='grc' dir='ltr'><strong>τῶν</strong></span> <span class='ocrx_word' id='word_1_203' title='bbox 1512 2685 1727 2771; x_wconf 82' lang='grc' dir='ltr'><strong><em>λόγων</em></strong></span> <span class='ocrx_word' id='word_1_204' title='bbox 1756 2692 1994 2775; x_wconf 86' lang='lat' dir='ltr'><strong>petitae</strong></span> <span class='ocrx_word' id='word_1_205' title='bbox 2025 2698 2191 2766; x_wconf 89' lang='lat' dir='ltr'><strong>sunt,</strong></span> <span class='ocrx_word' id='word_1_206' title='bbox 2228 2690 2269 2751; x_wconf 91' lang='lat' dir='ltr'><strong>i.</strong></span> <span class='ocrx_word' id='word_1_207' title='bbox 2296 2709 2349 2751; x_wconf 92' lang='lat' dir='ltr'><strong>e.</strong></span> <span class='ocrx_word' id='word_1_208' title='bbox 2382 2686 2553 2765; x_wconf 92' lang='lat' dir='ltr'><strong>inde,</strong></span> 
     </span>
     <span class='ocr_line' id='line_1_25' title="bbox 349 2789 2556 2879; baseline -0.002 -21"><span class='ocrx_word' id='word_1_209' title='bbox 349 2792 524 2879; x_wconf 90' lang='lat' dir='ltr'><strong>quod</strong></span> <span class='ocrx_word' id='word_1_210' title='bbox 579 2795 646 2857; x_wconf 90' lang='lat' dir='ltr'><strong>in</strong></span> <span class='ocrx_word' id='word_1_211' title='bbox 706 2791 978 2857; x_wconf 88' lang='lat' dir='ltr'><strong>formula</strong></span> <span class='ocrx_word' id='word_1_212' title='bbox 1035 2794 1335 2879; x_wconf 87' lang='lat' dir='ltr'><strong>principii</strong></span> <span class='ocrx_word' id='word_1_213' title='bbox 1387 2789 1695 2857; x_wconf 85' lang='lat' dir='ltr'><strong>identitas</strong></span> <span class='ocrx_word' id='word_1_214' title='bbox 1754 2802 1820 2857; x_wconf 91' lang='lat' dir='ltr'><strong>et</strong></span> <span class='ocrx_word' id='word_1_215' title='bbox 1873 2796 1970 2858; x_wconf 91' lang='lat' dir='ltr'><strong>rei</strong></span> <span class='ocrx_word' id='word_1_216' title='bbox 2025 2805 2090 2858; x_wconf 90' lang='lat' dir='ltr'><strong>et</strong></span> <span class='ocrx_word' id='word_1_217' title='bbox 2137 2793 2441 2879; x_wconf 86' lang='lat' dir='ltr'><strong>temporis</strong></span> <span class='ocrx_word' id='word_1_218' title='bbox 2489 2799 2556 2855; x_wconf 90' lang='lat' dir='ltr'><strong>et</strong></span> 
     </span>
     <span class='ocr_line' id='line_1_26' title="bbox 328 2897 2557 2993; baseline -0.001 -31"><span class='ocrx_word' id='word_1_219' title='bbox 328 2897 767 2993; x_wconf 62' lang='lat' dir='ltr'><strong>reliquorum,</strong></span> <span class='ocrx_word' id='word_1_220' title='bbox 830 2918 992 2984; x_wconf 90' lang='lat' dir='ltr'><strong>quae</strong></span> <span class='ocrx_word' id='word_1_221' title='bbox 1044 2909 1316 2983; x_wconf 91' lang='lat' dir='ltr'><strong>possunt</strong></span> <span class='ocrx_word' id='word_1_222' title='bbox 1359 2899 1425 2962; x_wconf 93' lang='lat' dir='ltr'><strong>in</strong></span> <span class='ocrx_word' id='word_1_223' title='bbox 1472 2918 1727 2962; x_wconf 91' lang='lat' dir='ltr'><strong>censum</strong></span> <span class='ocrx_word' id='word_1_224' title='bbox 1772 2900 2024 2977; x_wconf 89' lang='lat' dir='ltr'><strong>venire,</strong></span> <span class='ocrx_word' id='word_1_225' title='bbox 2077 2920 2213 2963; x_wconf 91' lang='lat' dir='ltr'><strong>non</strong></span> <span class='ocrx_word' id='word_1_226' title='bbox 2256 2900 2410 2963; x_wconf 87' lang='lat' dir='ltr'><strong>satis</strong></span> <span class='ocrx_word' id='word_1_227' title='bbox 2455 2919 2557 2961; x_wconf 86' lang='lat' dir='ltr'><strong>ao-</strong></span> 
     </span>
     <span class='ocr_line' id='line_1_27' title="bbox 349 3001 2557 3087; baseline -0.001 -20"><span class='ocrx_word' id='word_1_228' title='bbox 349 3006 579 3068; x_wconf 85' lang='lat' dir='ltr'><strong>curatis</strong></span> <span class='ocrx_word' id='word_1_229' title='bbox 612 3005 944 3068; x_wconf 90' lang='lat' dir='ltr'><strong>notionum</strong></span> <span class='ocrx_word' id='word_1_230' title='bbox 981 3001 1217 3068; x_wconf 88' lang='lat' dir='ltr'><strong>finibus</strong></span> <span class='ocrx_word' id='word_1_231' title='bbox 1249 3005 1712 3087; x_wconf 81' lang='lat' dir='ltr'><strong>circumscripta</strong></span> <span class='ocrx_word' id='word_1_232' title='bbox 1746 3014 1869 3079; x_wconf 84' lang='lat' dir='ltr'><strong>est3</strong></span> <span class='ocrx_word' id='word_1_233' title='bbox 1917 3004 1995 3067; x_wconf 90' lang='lat' dir='ltr'><strong>cf.</strong></span> <span class='ocrx_word' id='word_1_234' title='bbox 2034 3004 2292 3085; x_wconf 77' lang='grc' dir='ltr'><strong><em>λογικαὶ</em></strong></span> <span class='ocrx_word' id='word_1_235' title='bbox 2330 3003 2557 3085; x_wconf 78' lang='grc' dir='ltr'><strong><em>δυσχέ-</em></strong></span> 
     </span>
     <span class='ocr_line' id='line_1_28' title="bbox 347 3105 2557 3195; baseline -0 -25"><span class='ocrx_word' id='word_1_236' title='bbox 347 3129 518 3192; x_wconf 86' lang='grc' dir='ltr'><strong><em>ρειαι</em></strong></span> <span class='ocrx_word' id='word_1_237' title='bbox 561 3105 753 3171; x_wconf 87' lang='lat' dir='ltr'><strong>simili</strong></span> <span class='ocrx_word' id='word_1_238' title='bbox 796 3105 1268 3195; x_wconf 82' lang='lat' dir='ltr'><strong>significatione</strong></span> <span class='ocrx_word' id='word_1_239' title='bbox 1315 3108 1394 3172; x_wconf 92' lang='lat' dir='ltr'><em>N</em></span> <span class='ocrx_word' id='word_1_240' title='bbox 1423 3109 1480 3171; x_wconf 89' lang='lat'><strong>1.</strong></span> <span class='ocrx_word' id='word_1_241' title='bbox 1533 3108 1864 3173; x_wconf 70' lang='lat'><strong>10871120.</strong></span> <span class='ocrx_word' id='word_1_242' title='bbox 1940 3108 2081 3172; x_wconf 91' lang='lat' dir='ltr'><strong>Nec</strong></span> <span class='ocrx_word' id='word_1_243' title='bbox 2125 3128 2280 3171; x_wconf 84' lang='lat' dir='ltr'><strong>vero</strong></span> <span class='ocrx_word' id='word_1_244' title='bbox 2328 3107 2441 3170; x_wconf 88' lang='lat' dir='ltr'><strong>abs</strong></span> <span class='ocrx_word' id='word_1_245' title='bbox 2484 3126 2557 3169; x_wconf 89' lang='lat' dir='ltr'><strong>re</strong></span> 
     </span>
     <span class='ocr_line' id='line_1_29' title="bbox 351 3206 2558 3299; baseline -0.001 -24"><span class='ocrx_word' id='word_1_246' title='bbox 351 3214 486 3289; x_wconf 89' lang='lat' dir='ltr'><strong>erit,</strong></span> <span class='ocrx_word' id='word_1_247' title='bbox 531 3215 584 3276; x_wconf 90' lang='lat' dir='ltr'><strong>si</strong></span> <span class='ocrx_word' id='word_1_248' title='bbox 630 3214 771 3298; x_wconf 88' lang='lat' dir='ltr'><strong>quis</strong></span> <span class='ocrx_word' id='word_1_249' title='bbox 816 3206 1085 3295; x_wconf 76' lang='grc' dir='ltr'><strong><em>λογικὰς</em></strong></span> <span class='ocrx_word' id='word_1_250' title='bbox 1129 3211 1504 3299; x_wconf 81' lang='grc' dir='ltr'><strong><em>δυσχερείας</em></strong></span> <span class='ocrx_word' id='word_1_251' title='bbox 1547 3212 1675 3276; x_wconf 87' lang='lat' dir='ltr'><strong>hoc</strong></span> <span class='ocrx_word' id='word_1_252' title='bbox 1717 3211 1867 3276; x_wconf 89' lang='lat' dir='ltr'><strong>loco</strong></span> <span class='ocrx_word' id='word_1_253' title='bbox 1911 3233 2020 3277; x_wconf 86' lang='lat' dir='ltr'><strong>eas</strong></span> <span class='ocrx_word' id='word_1_254' title='bbox 2063 3213 2382 3297; x_wconf 85' lang='lat' dir='ltr'><strong>putaverit</strong></span> <span class='ocrx_word' id='word_1_255' title='bbox 2416 3208 2558 3288; x_wconf 90' lang='lat' dir='ltr'><strong>dici,</strong></span> 
     </span>
     <span class='ocr_line' id='line_1_30' title="bbox 356 3312 2560 3402; baseline -0.001 -23"><span class='ocrx_word' id='word_1_256' title='bbox 356 3336 513 3399; x_wconf 89' lang='lat' dir='ltr'><strong>quae</strong></span> <span class='ocrx_word' id='word_1_257' title='bbox 557 3313 760 3402; x_wconf 77' lang='grc' dir='ltr'><strong><em>λόγου</em></strong></span> <span class='ocrx_word' id='word_1_258' title='bbox 798 3312 996 3402; x_wconf 80' lang='grc' dir='ltr'><strong><em>χάριν</em></strong></span> <span class='ocrx_word' id='word_1_259' title='bbox 1040 3314 1356 3399; x_wconf 60' lang='grc' dir='ltr'><strong><em>λέγονταί</em></strong></span> <span class='ocrx_word' id='word_1_260' title='bbox 1390 3317 1454 3379; x_wconf 87' lang='lat'><strong>5.</strong></span> <span class='ocrx_word' id='word_1_261' title='bbox 1502 3316 1710 3380; x_wconf 84' lang='lat' dir='ltr'>1009a</span> <span class='ocrx_word' id='word_1_262' title='bbox 1748 3317 1855 3380; x_wconf 86' lang='lat'><strong>21.</strong></span> <span class='ocrx_word' id='word_1_263' title='bbox 1904 3352 1985 3366; x_wconf 92' lang='lat'>—</span> <span class='ocrx_word' id='word_1_264' title='bbox 2039 3313 2342 3381; x_wconf 87' lang='lat' dir='ltr'><strong>Ceterum</strong></span> <span class='ocrx_word' id='word_1_265' title='bbox 2385 3315 2560 3398; x_wconf 86' lang='lat' dir='ltr'><strong>prin-</strong></span> 
     </span>
     <span class='ocr_line' id='line_1_31' title="bbox 355 3412 2632 3506; baseline -0.001 -24"><span class='ocrx_word' id='word_1_266' title='bbox 355 3421 581 3505; x_wconf 90' lang='lat' dir='ltr'><strong>cipium</strong></span> <span class='ocrx_word' id='word_1_267' title='bbox 628 3419 1152 3485; x_wconf 85' lang='lat' dir='ltr'><strong>contradictionis</strong></span> <span class='ocrx_word' id='word_1_268' title='bbox 1198 3418 1386 3506; x_wconf 88' lang='lat' dir='ltr'><strong>quale</strong></span> <span class='ocrx_word' id='word_1_269' title='bbox 1423 3418 1800 3485; x_wconf 87' lang='lat' dir='ltr'><strong>Aristoteles</strong></span> <span class='ocrx_word' id='word_1_270' title='bbox 1842 3422 2198 3506; x_wconf 84' lang='lat' dir='ltr'><strong>proposuit,</strong></span> <span class='ocrx_word' id='word_1_271' title='bbox 2244 3417 2398 3505; x_wconf 89' lang='lat' dir='ltr'><strong>quid</strong></span> <span class='ocrx_word' id='word_1_272' title='bbox 2441 3416 2560 3481; x_wconf 83' lang='lat' dir='ltr'><strong>dif-</strong></span> <span class='ocrx_word' id='word_1_273' title='bbox 2615 3412 2632 3425; x_wconf 84' lang='grc'><strong><em>’</em></strong></span> 
     </span>
     <span class='ocr_line' id='line_1_32' title="bbox 353 3519 2563 3612; baseline -0.001 -25"><span class='ocrx_word' id='word_1_274' title='bbox 353 3523 515 3588; x_wconf 86' lang='lat' dir='ltr'><strong>ferat</strong></span> <span class='ocrx_word' id='word_1_275' title='bbox 570 3525 649 3588; x_wconf 89' lang='lat' dir='ltr'><strong>ab</strong></span> <span class='ocrx_word' id='word_1_276' title='bbox 709 3546 784 3588; x_wconf 87' lang='lat' dir='ltr'><strong>ea</strong></span> <span class='ocrx_word' id='word_1_277' title='bbox 843 3524 1047 3588; x_wconf 84' lang='lat' dir='ltr'><strong>forma</strong></span> <span class='ocrx_word' id='word_1_278' title='bbox 1103 3524 1290 3590; x_wconf 90' lang='lat' dir='ltr'><strong>huius</strong></span> <span class='ocrx_word' id='word_1_279' title='bbox 1348 3525 1674 3611; x_wconf 83' lang='lat' dir='ltr'><strong>principii,</strong></span> <span class='ocrx_word' id='word_1_280' title='bbox 1731 3546 1893 3611; x_wconf 88' lang='lat' dir='ltr'><strong>quae</strong></span> <span class='ocrx_word' id='word_1_281' title='bbox 1937 3526 2007 3588; x_wconf 90' lang='lat' dir='ltr'><strong>in</strong></span> <span class='ocrx_word' id='word_1_282' title='bbox 2049 3523 2262 3612; x_wconf 83' lang='lat' dir='ltr'><strong>logica</strong></span> <span class='ocrx_word' id='word_1_283' title='bbox 2307 3519 2563 3587; x_wconf 79' lang='lat' dir='ltr'><strong>formali</strong></span> 
     </span>
     <span class='ocr_line' id='line_1_33' title="bbox 352 3626 2560 3714; baseline 0 -24"><span class='ocrx_word' id='word_1_284' title='bbox 352 3627 817 3714; x_wconf 86' lang='lat' dir='ltr'><strong>frequentatur,</strong></span> <span class='ocrx_word' id='word_1_285' title='bbox 875 3627 1062 3692; x_wconf 82' lang='lat' dir='ltr'><strong>facile</strong></span> <span class='ocrx_word' id='word_1_286' title='bbox 1110 3640 1207 3693; x_wconf 87' lang='lat' dir='ltr'><strong>est</strong></span> <span class='ocrx_word' id='word_1_287' title='bbox 1248 3628 1494 3704; x_wconf 80' lang='lat' dir='ltr'><strong>videre3</strong></span> <span class='ocrx_word' id='word_1_288' title='bbox 1553 3628 1932 3695; x_wconf 87' lang='lat' dir='ltr'><strong>Aristoteles</strong></span> <span class='ocrx_word' id='word_1_289' title='bbox 1987 3632 2150 3694; x_wconf 88' lang='lat' dir='ltr'><strong>enim</strong></span> <span class='ocrx_word' id='word_1_290' title='bbox 2198 3628 2280 3694; x_wconf 92' lang='lat' dir='ltr'><strong>de</strong></span> <span class='ocrx_word' id='word_1_291' title='bbox 2322 3626 2560 3693; x_wconf 78' lang='lat' dir='ltr'><strong>rebus</strong></span> 
     </span>
     <span class='ocr_line' id='line_1_34' title="bbox 352 3730 2561 3821; baseline 0 -26"><span class='ocrx_word' id='word_1_292' title='bbox 352 3734 517 3819; x_wconf 81' lang='lat' dir='ltr'><strong>agit,</strong></span> <span class='ocrx_word' id='word_1_293' title='bbox 561 3732 776 3821; x_wconf 82' lang='lat' dir='ltr'><strong>logica</strong></span> <span class='ocrx_word' id='word_1_294' title='bbox 821 3732 1102 3798; x_wconf 88' lang='lat' dir='ltr'><strong>formalis</strong></span> <span class='ocrx_word' id='word_1_295' title='bbox 1149 3732 1231 3798; x_wconf 90' lang='lat' dir='ltr'><strong>de</strong></span> <span class='ocrx_word' id='word_1_296' title='bbox 1276 3733 1759 3798; x_wconf 91' lang='lat' dir='ltr'><strong>notionibus</strong></span> <span class='ocrx_word' id='word_1_297' title='bbox 1805 3736 2030 3814; x_wconf 87' lang='lat' dir='ltr'><strong>(notio</strong></span> <span class='ocrx_word' id='word_1_298' title='bbox 2074 3732 2137 3798; x_wconf 76' lang='lat' dir='ltr'><strong><em>A</em></strong></span> <span class='ocrx_word' id='word_1_299' title='bbox 2183 3743 2281 3798; x_wconf 87' lang='lat' dir='ltr'><strong>est</strong></span> <span class='ocrx_word' id='word_1_300' title='bbox 2321 3730 2399 3812; x_wconf 81' lang='lat' dir='ltr'><strong>A,</strong></span> <span class='ocrx_word' id='word_1_301' title='bbox 2453 3751 2561 3796; x_wconf 86' lang='lat' dir='ltr'><strong>ne-</strong></span> 
     </span>
     <span class='ocr_line' id='line_1_35' title="bbox 354 3834 2565 3924; baseline -0.001 -24"><span class='ocrx_word' id='word_1_302' title='bbox 354 3858 478 3922; x_wconf 89' lang='lat' dir='ltr'><strong>que</strong></span> <span class='ocrx_word' id='word_1_303' title='bbox 536 3849 634 3902; x_wconf 89' lang='lat' dir='ltr'><strong>est</strong></span> <span class='ocrx_word' id='word_1_304' title='bbox 692 3837 914 3903; x_wconf 88' lang='lat' dir='ltr'><strong>eadem</strong></span> <span class='ocrx_word' id='word_1_305' title='bbox 972 3858 1048 3901; x_wconf 93' lang='lat' dir='ltr'><strong>ac</strong></span> <span class='ocrx_word' id='word_1_306' title='bbox 1105 3841 1289 3903; x_wconf 83' lang='lat' dir='ltr'><strong>notio</strong></span> <span class='ocrx_word' id='word_1_307' title='bbox 1348 3836 1717 3921; x_wconf 78' lang='lat' dir='ltr'><strong>non—A).</strong></span> <span class='ocrx_word' id='word_1_308' title='bbox 1806 3839 2034 3924; x_wconf 87' lang='lat' dir='ltr'><strong>Neque</strong></span> <span class='ocrx_word' id='word_1_309' title='bbox 2079 3837 2205 3900; x_wconf 91' lang='lat' dir='ltr'><strong>hoc</strong></span> <span class='ocrx_word' id='word_1_310' title='bbox 2247 3834 2421 3900; x_wconf 87' lang='lat' dir='ltr'><strong>aliud</strong></span> <span class='ocrx_word' id='word_1_311' title='bbox 2468 3844 2565 3899; x_wconf 91' lang='lat' dir='ltr'><strong>est</strong></span> 
     </span>
     <span class='ocr_line' id='line_1_36' title="bbox 356 3938 2563 4030; baseline -0 -26"><span class='ocrx_word' id='word_1_312' title='bbox 356 3939 721 4021; x_wconf 86' lang='lat' dir='ltr'><strong>discrimen,</strong></span> <span class='ocrx_word' id='word_1_313' title='bbox 778 3965 964 4028; x_wconf 89' lang='lat' dir='ltr'><strong>quam</strong></span> <span class='ocrx_word' id='word_1_314' title='bbox 1022 3963 1150 4027; x_wconf 91' lang='lat' dir='ltr'><strong>quo</strong></span> <span class='ocrx_word' id='word_1_315' title='bbox 1211 3945 1473 4007; x_wconf 92' lang='lat' dir='ltr'><strong>omnino</strong></span> <span class='ocrx_word' id='word_1_316' title='bbox 1533 3942 1747 4030; x_wconf 83' lang='lat' dir='ltr'><strong>logica</strong></span> <span class='ocrx_word' id='word_1_317' title='bbox 1794 3940 2199 4007; x_wconf 88' lang='lat' dir='ltr'><strong>Aristotelica</strong></span> <span class='ocrx_word' id='word_1_318' title='bbox 2256 3961 2293 4004; x_wconf 91' lang='lat' dir='ltr'><strong>a</strong></span> <span class='ocrx_word' id='word_1_319' title='bbox 2349 3938 2563 4026; x_wconf 83' lang='lat' dir='ltr'><strong>logica</strong></span> 
     </span>
     <span class='ocr_line' id='line_1_37' title="bbox 355 4046 2562 4135; baseline -0 -27"><span class='ocrx_word' id='word_1_320' title='bbox 355 4066 508 4110; x_wconf 82' lang='lat' dir='ltr'><strong>vere</strong></span> <span class='ocrx_word' id='word_1_321' title='bbox 554 4047 803 4112; x_wconf 88' lang='lat' dir='ltr'><strong>formali</strong></span> <span class='ocrx_word' id='word_1_322' title='bbox 838 4050 1194 4135; x_wconf 84' lang='lat' dir='ltr'><strong>seiungitur</strong></span> <span class='ocrx_word' id='word_1_323' title='bbox 1231 4046 1512 4125; x_wconf 86' lang='lat' dir='ltr'><strong>(Trend.</strong></span> <span class='ocrx_word' id='word_1_324' title='bbox 1548 4046 1646 4111; x_wconf 91' lang='lat' dir='ltr'><strong>El.</strong></span> <span class='ocrx_word' id='word_1_325' title='bbox 1679 4046 1812 4133; x_wconf 82' lang='lat' dir='ltr'><strong>log.</strong></span> <span class='ocrx_word' id='word_1_326' title='bbox 1845 4046 1904 4130; x_wconf 65' lang='grc' dir='ltr'><strong>ἓ.</strong></span> <span class='ocrx_word' id='word_1_327' title='bbox 1938 4047 2043 4110; x_wconf 84' lang='grc'><strong>63.</strong></span> <span class='ocrx_word' id='word_1_328' title='bbox 2077 4049 2284 4124; x_wconf 90' lang='lat' dir='ltr'><strong>not.);</strong></span> <span class='ocrx_word' id='word_1_329' title='bbox 2331 4046 2400 4108; x_wconf 86' lang='lat' dir='ltr'><strong>in</strong></span> <span class='ocrx_word' id='word_1_330' title='bbox 2433 4063 2562 4130; x_wconf 93' lang='lat' dir='ltr'><strong>quo</strong></span> 
     </span>
     <span class='ocr_line' id='line_1_38' title="bbox 359 4146 2565 4238; baseline -0.002 -25"><span class='ocrx_word' id='word_1_331' title='bbox 359 4147 721 4215; x_wconf 86' lang='lat' dir='ltr'><strong>discrimine</strong></span> <span class='ocrx_word' id='word_1_332' title='bbox 779 4163 985 4217; x_wconf 87' lang='lat' dir='ltr'><strong>utrum</strong></span> <span class='ocrx_word' id='word_1_333' title='bbox 1042 4154 1236 4217; x_wconf 86' lang='lat' dir='ltr'><strong>virtus</strong></span> <span class='ocrx_word' id='word_1_334' title='bbox 1288 4162 1585 4215; x_wconf 83' lang='lat' dir='ltr'><strong>cernatur</strong></span> <span class='ocrx_word' id='word_1_335' title='bbox 1629 4151 2075 4238; x_wconf 86' lang='lat' dir='ltr'><strong>philosophiae</strong></span> <span class='ocrx_word' id='word_1_336' title='bbox 2121 4146 2565 4214; x_wconf 87' lang='lat' dir='ltr'><strong>Aristotelicae</strong></span> 
     </span>
     <span class='ocr_line' id='line_1_39' title="bbox 358 4245 2567 4344; baseline -0.002 -26"><span class='ocrx_word' id='word_1_337' title='bbox 358 4245 705 4339; x_wconf 75' lang='lat' dir='ltr'><strong>(Trendel.</strong></span> <span class='ocrx_word' id='word_1_338' title='bbox 763 4255 896 4344; x_wconf 82' lang='lat' dir='ltr'><strong>log.</strong></span> <span class='ocrx_word' id='word_1_339' title='bbox 944 4258 1201 4321; x_wconf 85' lang='lat' dir='ltr'><strong>Unters.</strong></span> <span class='ocrx_word' id='word_1_340' title='bbox 1254 4255 1303 4319; x_wconf 91' lang='lat'><strong>1.</strong></span> <span class='ocrx_word' id='word_1_341' title='bbox 1360 4279 1421 4341; x_wconf 94' lang='lat' dir='ltr'><strong>p.</strong></span> <span class='ocrx_word' id='word_1_342' title='bbox 1468 4256 1556 4321; x_wconf 83' lang='lat'><strong>18</strong></span> <span class='ocrx_word' id='word_1_343' title='bbox 1602 4257 1778 4342; x_wconf 86' lang='lat' dir='ltr'><strong>sqq.)</strong></span> <span class='ocrx_word' id='word_1_344' title='bbox 1837 4278 1918 4319; x_wconf 91' lang='lat' dir='ltr'><strong>an</strong></span> <span class='ocrx_word' id='word_1_345' title='bbox 1973 4258 2193 4319; x_wconf 83' lang='lat' dir='ltr'><strong>vitium</strong></span> <span class='ocrx_word' id='word_1_346' title='bbox 2250 4251 2567 4334; x_wconf 87' lang='lat' dir='ltr'><strong>(Herbart</strong></span> 
     </span>
     <span class='ocr_line' id='line_1_40' title="bbox 357 4354 2464 4445; baseline -0.003 -20"><span class='ocrx_word' id='word_1_347' title='bbox 357 4359 528 4425; x_wconf 89' lang='lat' dir='ltr'><strong>Einl.</strong></span> <span class='ocrx_word' id='word_1_348' title='bbox 576 4354 751 4424; x_wconf 65' lang='lat' dir='ltr'><strong>in&#39;d.</strong></span> <span class='ocrx_word' id='word_1_349' title='bbox 796 4360 1036 4427; x_wconf 87' lang='lat' dir='ltr'><strong>Philos.</strong></span> <span class='ocrx_word' id='word_1_350' title='bbox 1080 4360 1136 4445; x_wconf 78' lang='lat'><strong>§.</strong></span> <span class='ocrx_word' id='word_1_351' title='bbox 1177 4361 1371 4443; x_wconf 85' lang='lat'><strong>391),</strong></span> <span class='ocrx_word' id='word_1_352' title='bbox 1414 4382 1550 4427; x_wconf 91' lang='lat' dir='ltr'><strong>non</strong></span> <span class='ocrx_word' id='word_1_353' title='bbox 1596 4370 1693 4425; x_wconf 86' lang='lat' dir='ltr'><strong>est</strong></span> <span class='ocrx_word' id='word_1_354' title='bbox 1735 4361 1921 4425; x_wconf 87' lang='lat' dir='ltr'><strong>huius</strong></span> <span class='ocrx_word' id='word_1_355' title='bbox 1966 4358 2095 4425; x_wconf 92' lang='lat' dir='ltr'><strong>loci</strong></span> <span class='ocrx_word' id='word_1_356' title='bbox 2142 4377 2464 4445; x_wconf 85' lang='lat' dir='ltr'><strong>quaerere.</strong></span> 
     </span>
     <span class='ocr_line' id='line_1_41' title="bbox 496 4458 2564 4553; baseline -0.002 -25"><span class='ocrx_word' id='word_1_357' title='bbox 496 4465 700 4530; x_wconf 61' lang='lat'>10055</span> <span class='ocrx_word' id='word_1_358' title='bbox 725 4465 812 4530; x_wconf 86' lang='lat'><strong>23</strong></span> <span class='ocrx_word' id='word_1_359' title='bbox 858 4461 1299 4553; x_wconf 86' lang='grc' dir='ltr'><strong><em>διορισμόν</em></strong></span> <span class='ocrx_word' id='word_1_360' title='bbox 1346 4465 1424 4532; x_wconf 76' lang='lat' dir='ltr'><strong>cs.</strong></span> <span class='ocrx_word' id='word_1_361' title='bbox 1479 4465 1537 4532; x_wconf 83' lang='grc' dir='ltr'>Θ</span> <span class='ocrx_word' id='word_1_362' title='bbox 1574 4468 1634 4531; x_wconf 81' lang='lat'><strong>5.</strong></span> <span class='ocrx_word' id='word_1_363' title='bbox 1688 4466 1894 4537; x_wconf 57' lang='lat'><strong>1048..</strong></span> <span class='ocrx_word' id='word_1_364' title='bbox 1919 4467 1977 4545; x_wconf 84' lang='grc'><strong>2,</strong></span> <span class='ocrx_word' id='word_1_365' title='bbox 2022 4466 2130 4529; x_wconf 85' lang='grc'><strong>20.</strong></span> <span class='ocrx_word' id='word_1_366' title='bbox 2191 4465 2359 4548; x_wconf 87' lang='lat' dir='ltr'><strong>Top.</strong></span> <span class='ocrx_word' id='word_1_367' title='bbox 2390 4458 2457 4523; x_wconf 89' lang='lat' dir='ltr'>V</span> <span class='ocrx_word' id='word_1_368' title='bbox 2500 4460 2564 4524; x_wconf 89' lang='lat'><strong>3.</strong></span> 
     </span>
    </p>
   </div>
   <div class='ocr_carea' id='block_1_3' title="bbox 1350 4774 1386 4817">
    <p class='ocr_par' dir='ltr' id='par_1_3' title="bbox 1350 4774 1386 4817">
     <span class='ocr_line' id='line_1_42' title="bbox 1350 4774 1386 4817; baseline 0 0"><span class='ocrx_word' id='word_1_369' title='bbox 1350 4774 1386 4817; x_wconf 59' lang='lat' dir='ltr'>S</span> 
     </span>
    </p>
   </div>
  </div>
 </body>
</html>
