3043 4973
507 208 651 284 478
1325 213 1406 282 Λ
1455 208 1524 282 3.
1606 207 1875 283 107οα.

507 388 639 452 λων
696 382 966 471 ὁμοίως,
1024 395 1091 450 et
1148 384 1230 450 ad
1271 386 1331 450 h.
1369 384 1414 449 l.
1465 424 1543 437 —
1592 383 1811 450 Verba
1870 378 2017 451 οἷον
2060 384 2187 472 πῦρ
2237 421 2316 436 -
2363 384 2715 450 τελευταία

507 487 894 568 Alexander,
951 491 1053 554 cui
1109 510 1243 554 non
1299 488 1607 554 debebam
1653 490 1943 553 assentiri
1988 486 2150 554 Oba.
2198 512 2259 574 p.
2294 490 2454 568 131,
2504 499 2714 554 trans-

506 595 719 682 posita
765 613 903 657 esse
947 602 1130 677 putat
1169 592 1571 658 librariorum
1616 595 1884 670 incuria,
1941 614 2131 677 quum
2189 614 2369 657 suum
2424 593 2711 659 habeant

505 697 718 763 locum
761 706 915 783 post
953 693 1378 781 ὑποκείμενον
1417 699 1574 762 all.
1657 698 1811 761 Non
1857 717 2027 784 nego
2074 706 2221 783 apte
2265 696 2399 761 illic
2444 719 2517 764 ea
2562 697 2711 763 fore

506 806 743 890 posita,
802 799 918 864 sed
969 822 1157 885 quum
1201 803 1452 888 possint
1498 809 1670 864 certe
1711 799 1985 889 intelligi
2028 802 2154 865 hoc
2198 800 2347 867 loco
2394 813 2711 888 tamquam

510 904 861 992 exemplum
906 926 1114 969 rerum
1157 902 1587 983 materialium,
1634 926 1670 968 a
1716 904 1944 991 quibus
1989 904 2173 969 ideae
2218 904 2713 993 distinguantur,

511 1009 947 1087 dubitaverim,
991 1029 1153 1094 quae
1198 1018 1295 1072 est
1337 1008 1525 1072 huius
1568 1006 1714 1072 libri
1757 1010 1935 1087 ratio,
1982 1007 2319 1095 quidquam
2362 1020 2625 1074 tentare.

641 1114 983 1197 Hucusque
1026 1114 1094 1176 in
1137 1111 1348 1176 medio
1395 1113 1501 1176 Ar.
1544 1110 1827 1198 reliquit,
1883 1122 2093 1178 utrum
2151 1113 2396 1179 formae
2441 1117 2713 1178 seorsim

442 1240 447 1251 ’
512 1240 633 1307 per
666 1239 736 1282 se
772 1220 899 1280 sint
929 1238 1150 1295 necne,
1196 1215 1430 1280 dirimit
1460 1226 1669 1281 autem
1707 1237 1840 1280 eam
1878 1218 2310 1302 quaestionem
2346 1218 2559 1283 addita
2590 1242 2715 1306 per

508 1321 876 1411 particulam
919 1310 1039 1386 οὖν
1076 1319 1512 1385 subsumtione
1550 1319 1933 1408 syllogismi:
1978 1315 2064 1384 τὰ
2103 1323 2223 1405 μὲν
2254 1312 2371 1388 οὖν
2399 1325 2716 1390 κινοῦντα

510 1465 600 1477 —-
642 1422 784 1511 ἅμα
822 1426 973 1491 α21.
1064 1424 1277 1510 Quum
1337 1447 1565 1489 causae
1615 1434 1946 1490 moventes
1991 1425 2377 1509 praecedant
2421 1436 2715 1512 tempore
2801 1503 2805 1506 Α

510 1530 579 1597 id
636 1530 810 1618 quod
867 1538 1164 1595 movetur
1221 1537 1285 1593 et
1341 1528 1646 1607 efficitur,
1701 1532 1883 1593 notio
1941 1550 2099 1593 vero
2164 1539 2227 1593 et
2277 1530 2479 1594 forma
2524 1531 2715 1596 simul

510 1659 653 1701 cum
697 1657 767 1700 re
811 1637 909 1712 sit,
953 1655 1076 1699 nec
1109 1636 1418 1697 rationem
1453 1632 1770 1712 habemuS,
1816 1655 1926 1696 cur
1963 1632 2226 1697 formam
2263 1637 2525 1699 seorsim
2569 1655 2716 1700 esse

511 1750 873 1816 statuamus,
912 1759 1117 1822 neque
1157 1757 1322 1822 opus
1362 1746 1452 1801 est
1484 1737 1605 1800 hac
1637 1737 1980 1823 hypothesi
2016 1735 2096 1801 ad
2136 1736 2563 1824 explicandam
2602 1760 2718 1826 ge-

511 1847 933 1919 nerationem,
982 1842 1084 1905 cui
1129 1839 1451 1906 sufficiunt
1494 1862 1724 1906 causae
1765 1852 2131 1920 moventes,
2175 1842 2255 1906 cf.
2293 1844 2377 1907 H
2405 1845 2465 1908 6.
2499 1844 2716 1907 1045b

513 1949 767 2033 17·sqq.
805 1986 894 1997 ——
938 1944 1137 2009 Simul
1185 1966 1322 2009 esse
1368 1942 1616 2010 causam
1664 1945 1988 2009 formalem
2042 1968 2182 2010 cum
2232 1949 2369 2032 ipsa
2408 1969 2479 2011 re
2521 1968 2716 2033 expo-

512 2054 610 2115 nit
645 2050 828 2116 Anal.
864 2060 1031 2135 post.
1069 2050 1129 2113 II
1167 2052 1270 2114 12.
1356 2050 1585 2115 Utrum
1645 2048 1949 2136 quaedam
1996 2050 2235 2114 formae
2279 2060 2565 2137 tempore
2610 2073 2715 2116 su-

513 2165 743 2241 perent
778 2174 916 2217 eam
954 2174 1218 2238 quacum
1253 2156 1631 2218 coniunctae
1662 2164 1840 2218 erant
1869 2155 2205 2232 materiam,
2251 2152 2332 2218 ad
2364 2153 2543 2217 aliam
2575 2157 2715 2240 qui-

516 2257 661 2322 dem
686 2259 892 2321 reiicit
915 2256 1407 2342 disputationem
1434 2261 1780 2337 (σκεπτέον
1806 2260 1991 2338 α25),
2019 2257 2133 2321 sed
2160 2258 2480 2346 significat
2502 2268 2715 2324 tamen

467 2356 475 2363 ’
512 2370 754 2449 partem
804 2360 1114 2446 quandam
1159 2364 1430 2440 animae,
1484 2355 1602 2427 τὸν
1646 2360 1835 2439 νοῦν,
1891 2381 2010 2448 per
2059 2383 2131 2425 se
2176 2372 2242 2426 et
2285 2365 2629 2429 seiunctam
2674 2386 2710 2428 a

515 2488 790 2554 corpore
838 2469 1134 2531 exsistere
1173 2486 1247 2530 ac
1281 2473 1622 2553 propterea
1663 2464 2073 2531 immortalem
2115 2488 2273 2532 esse.
2345 2467 2711 2532 Accuratius

517 2571 914 2660 distinguens
971 2574 1036 2635 in
1093 2567 1274 2635 libris
1328 2570 1411 2635 de
1456 2574 1661 2635 anima
1706 2593 1841 2635 non
1888 2573 2149 2636 omnino
2195 2564 2313 2636 τὸν
2354 2573 2541 2649 νοῦν,
2596 2570 2713 2636 sed

513 2671 634 2742 τὸν
672 2670 1014 2755 ποιητικὸν
1045 2677 1205 2741 νοῦν
1235 2673 1572 2740 confirmat
1602 2674 2014 2740 immortalem
2053 2685 2117 2739 et
2150 2696 2188 2739 a
2223 2678 2511 2761 corporis
2549 2697 2714 2740 com-

514 2783 822 2844 munione
847 2781 1183 2844 immunem
1211 2801 1369 2844 esse.
1430 2778 1534 2845 Cf.
1566 2789 1822 2865 praeter
1853 2800 1928 2844 ea
1961 2803 2124 2866 quae
2153 2779 2235 2845 ad
2262 2781 2331 2844 E
2350 2783 2409 2846 1.
2439 2782 2646 2847 10260
2671 2783 2710 2846 5

517 2880 838 2959 adnotavi,
885 2881 968 2946 de
1007 2904 1106 2947 an.
1143 2883 1234 2946 III
1279 2885 1338 2947 5.
1379 2884 1545 2948 4300
1573 2886 1687 2948 17:
1733 2885 1843 2949 καὶ
1889 2874 2081 2961 οὗτος
2126 2881 2162 2949 ὁ
2208 2886 2363 2960 νοῦς
2406 2881 2484 2964 (ὁ
2524 2908 2714 2964 ποιη-

516 2980 733 3066 τικός)
771 2980 1091 3072 χωριστὸς
1133 2986 1245 3050 καὶ
1290 2980 1573 3066 ἀπαθὴς
1615 2988 1727 3051 καὶ
1772 2981 2013 3071 ἀμιγὴς
2052 2990 2131 3078 τῇ
2176 2984 2373 3072 οὐσίᾳ
2416 2980 2507 3054 ὢν
2542 2992 2713 3073 ἐνερ-

517 3090 684 3173 γείᾳ.
709 3124 796 3136 -
832 3089 1194 3173 χωρισθεὶς
1233 3086 1294 3154 δ’
1326 3092 1464 3156 ἐστὶ
1501 3085 1713 3175 μόνον
1750 3088 1949 3155 τοῦθ’
1982 3086 2140 3176 ὅπερ
2177 3092 2331 3169 ἐστι’,
2373 3094 2486 3157 καὶ
2521 3093 2712 3156 τοῦτο

516 3189 727 3278 μόνον
767 3187 1129 3260 ἀθάνατον
1161 3196 1273 3260 καὶ
1308 3191 1543 3261 ἀΐδιον.
1605 3192 1641 3261 ὁ
1679 3195 1748 3259 δὲ
1781 3190 2160 3275 παθητικός
2192 3196 2349 3272 νοῦς
2383 3189 2712 3286 φθαρτός.

519 3298 580 3363 ΙΙ
610 3300 670 3362 2.
702 3298 863 3362 413ῠ
885 3297 991 3361 26.
1054 3298 1291 3364 Trend.
1332 3299 1413 3364 de
1443 3321 1545 3364 an.
1574 3324 1637 3387 p.
1663 3302 1790 3364 491
1824 3320 1957 3385 sqq.
2017 3300 2227 3365 Zeller
2253 3300 2365 3365 Ph.
2399 3299 2459 3364 d.
2493 3298 2606 3365 Gr.
2635 3298 2712 3362 ΙΙ.

517 3424 584 3488 p.
618 3404 765 3466 497.

653 3506 748 3569 Ex
781 3504 901 3568 bac
937 3507 1236 3570 universa
1274 3504 1709 3593 disputatione
1747 3515 2010 3592 apparet
2047 3501 2382 3596 (φανερὸν
2422 3500 2505 3586 δή
2539 3507 2715 3587 027)

523 3608 603 3673 ad
651 3611 1131 3697 generationem
1177 3619 1350 3675 certe
1395 3620 1461 3674 et
1502 3614 1914 3676 mutationem
1975 3609 2409 3697 explicandam
2453 3605 2603 3690 (διά
2643 3631 2715 3693 γε

519 3714 770 3794 ταῦτα)
816 3734 951 3778 non
998 3735 1162 3800 opus
1210 3734 1350 3777 esse
1391 3717 1553 3799 poni
1596 3714 1789 3794 ideas,
1834 3715 1914 3779 cf.
1962 3713 2042 3779 ad
2077 3716 2140 3778 Z
2162 3717 2223 3779 8.
2265 3716 2468 3780 10:33⁶
2489 3715 2606 3790 26;
2654 3722 2717 3777 et

522 3837 684 3901 quae
727 3817 1103 3882 naturalium
1148 3839 1358 3881 rerum
1404 3828 1500 3882 est
1542 3820 1737 3896 ratio,
1794 3828 1866 3883 ut
1908 3839 2041 3882 non
2087 3839 2162 3888 ex
2206 3817 2549 3883 universali
2594 3818 2717 3882 for-

520 3940 757 3983 marum
804 3924 1070 3985 notione
1115 3921 1229 3986 sed
1276 3944 1349 3986 ex
1397 3921 1664 4010 singulis
1702 3922 1893 3987 rebus
1930 3941 2083 3988 vere
2119 3923 2559 3988 exsistentibus
2595 3925 2717 3986 sin-

522 4021 712 4111 gulae
755 4046 858 4088 res
901 4036 1337 4111 procreentur,
1390 4027 1612 4093 eadem
1660 4030 1847 4092 etiam
1894 4036 1989 4091 est
2031 4049 2238 4093 rerum
2283 4026 2716 4104 artificialium,

523 4127 678 4204 «129,
722 4147 883 4211 quae
928 4150 965 4192 a
1008 4151 1126 4194 suo
1169 4152 1457 4216 quaeque
1495 4130 1756 4209 artifice,
1801 4130 2062 4195 formam
2103 4135 2197 4198 rei
2236 4131 2407 4218 apud
2448 4134 2717 4224 animum

526 4228 900 4311 destinante,
948 4230 1329 4312 efficiuntur,
1375 4234 1452 4298 cf.
1500 4233 1584 4299 ad
1623 4236 1777 4300 «114.
