3043 4973
1124 239 1220 312 -Θ
1264 241 1334 315 6.
1418 240 1684 317 1048ὸ.
2370 243 2513 319 397

451 417 795 504 Hucusque
820 419 874 482 si
902 421 1254 484 universam
1282 418 1478 486 modo
1504 429 1858 507 spectamus
1883 424 2516 501 sententiam‚,omnia

314 530 488 585 extra
534 521 996 588 dubitationem
1041 535 1189 589 sunt
1231 527 1473 610 posita3
1519 523 1633 589 ubi
1676 536 1882 590 autem
1921 531 2058 613 ipsa
2094 526 2288 592 verba
2324 526 2516 613 expli-

314 647 458 689 care
503 629 890 712 suscipimus,
938 638 1177 693 tantum
1221 650 1358 694 non
1405 632 1617 693 omnia
1655 633 1910 695 summis
1948 642 2097 695 suut
2134 631 2518 696 difficultati-

311 728 431 794 bus
476 730 796 815 implicita.
887 732 1208 798 Omittunt
1252 735 1615 798 uuiversum
1661 734 1831 797 bunc
1876 732 2084 799 locum
2133 734 2319 800 codd.
2356 734 2514 816 ET,

312 855 446 898 non
506 838 954 921 interpretatur
998 835 1384 916 Alexander,
1443 858 1566 901 nec
1618 838 1918 901 Bessario
1977 859 2099 902 nec
2152 838 2515 925 Sepulveda

311 942 654 1014 convertit3
716 940 866 1005 inde
921 940 1094 1027 quod
1153 951 1419 1028 apparet
1476 940 1754 1005 defuisse
1812 962 1953 1005 eum
2006 944 2126 1006 iam
2173 946 2512 1029 antiquitus

309 1046 376 1107 in
422 1041 749 1107 nonnullis
794 1044 1379 1132 Metaphysicorum
1427 1044 1903 1130 exemplaribuS,
1950 1045 2284 1120 confirmat
2313 1050 2514 1112 Joan-

307 1168 425 1212 nes
462 1147 880 1234 Philoponus.
957 1150 1251 1214 Attamen
1297 1161 1364 1215 et
1406 1149 1469 1214 id
1516 1145 1691 1235 quod
1735 1149 2093 1236 disputatur
2137 1173 2275 1216 cum
2321 1149 2515 1239 placi-

309 1254 387 1315 tis
419 1251 839 1318 Aristotelicis
886 1257 1126 1340 optime
1172 1256 1512 1318 concinere
1561 1275 1635 1317 ex
1678 1251 1839 1318 locis
1883 1275 2074 1340 supra
2117 1255 2365 1320 collatis
2405 1279 2512 1343 ap·

307 1367 509 1443 paret,
556 1368 621 1422 et
664 1357 815 1422 huie
857 1363 1251 1445 potissimum
1296 1357 1462 1436 loco,
1510 1359 1616 1444 qui
1662 1361 1729 1422 in
1777 1358 2150 1444 exponenda
2197 1359 2514 1425 subtiliter

308 1463 635 1547 ἐνεργείας
678 1464 949 1527 notione
992 1472 1298 1541 versatur,
1345 1472 1490 1548 apta
1528 1463 1684 1526 haec
1722 1465 2030 1549 quaesti0,
2076 1485 2197 1528 nec
2237 1462 2513 1550 denique

308 1563 672 1653 disputandi
716 1577 783 1632 et
826 1566 1307 1656 argumentandi
1362 1570 1525 1632 ratio
1571 1566 1676 1629 vel
1720 1569 1859 1652 ipsa
1905 1565 2100 1632 dictio
2145 1567 2225 1632 ab
2269 1568 2514 1632 Aristo-

307 1669 496 1734 telica
541 1670 1007 1735 consuetudine
1051 1671 1256 1737 aliena
1302 1681 1524 1759 potest
1563 1670 1787 1734 videri.
1864 1671 2088 1758 Itaque
2124 1672 2275 1736 huic
2308 1674 2514 1736 veteri

307 1795 463 1839 sane
508 1774 814 1839 librorum
861 1774 1242 1841 dissensioni
1288 1797 1421 1841 non
1468 1795 1727 1862 possum
1774 1783 2014 1841 tantum
2073 1774 2383 1853 tribuere,
2440 1785 2512 1840 ut

307 1881 667 1944 universum
727 1878 938 1945 locum
999 1879 1485 1969 expungendum
1537 1900 1845 1945 censeam.
1936 1879 2065 1945 Sed
2111 1878 2510 1944 librariorum

308 2004 515 2061 error,
575 2005 652 2048 ex
709 2005 837 2069 quo
886 1987 1152 2050 omissus
1200 1994 1297 2049 est
1341 1987 1405 2050 in
1451 1983 1825 2071 quibusdam
1873 1982 2330 2070 exemplaribus
2374 1985 2513 2048 uni-

305 2110 526 2152 versus
573 2088 677 2152 hic
720 2087 917 2168 luem,
961 2087 1128 2153 idem
1174 2088 1256 2153 ad
1299 2088 1551 2177 singula
1587 2086 1841 2152 videtur
1868 2086 2063 2152 verba
2094 2091 2510 2174 pertinuisse:

307 2215 382 2257 ea
441 2197 605 2258 enim
663 2201 762 2257 tot
817 2202 1064 2258 scatent
1106 2193 1511 2280 corruptelis,
1571 2202 1644 2258 ut
1685 2213 1817 2258 non
1864 2190 1988 2256 alia
2035 2192 2514 2278 Metaphysieo-

303 2320 442 2362 rum
488 2318 635 2385 pars
683 2318 822 2360 cum
866 2300 944 2361 iis
989 2301 1194 2385 possit
1239 2300 1616 2385 comparari,
1677 2307 1742 2362 et
1796 2298 1918 2362 nisi
1976 2294 2275 2361 audacius
2322 2317 2512 2382 quae-

305 2401 447 2467 dam
492 2402 1020 2466 immutaverimus
1065 2421 1197 2467 non
1240 2401 1579 2467 videantur
1616 2398 1697 2464 ad
1733 2404 1961 2464 iustum
1999 2398 2287 2464 ordinem
2328 2412 2392 2464 et
2427 2399 2512 2464 ad

306 2508 577 2594 aliquam
634 2509 952 2594 genuinae
996 2507 1239 2572 formae
1284 2504 1754 2583 similitudinem
1801 2508 2045 2569 restitui
2093 2524 2306 2590 posse.
2395 2505 2511 2568 Vi-

304 2612 516 2677 derint
557 2615 752 2700 igitur
794 2609 1068 2676 lectores
1116 2633 1194 2675 an
1240 2610 1450 2696 aliqua
1487 2612 1770 2674 veritatis
1802 2611 2017 2694 specie
2049 2629 2164 2672 eae
2196 2626 2512 2671 commen-

304 2717 538 2782 dentur
581 2718 1016 2793 coniecturae,
1073 2735 1229 2800 quas
1285 2717 1355 2779 in
1411 2713 1830 2780 adnotatione
1877 2714 2093 2775 critica
2138 2709 2511 2799 significavi,

304 2821 478 2887 unde
521 2823 679 2885 haec
723 2823 845 2885 erit
889 2822 1222 2884 universae
1270 2818 1719 2904 disputationis
1763 2817 1996 2882 forma:

442 2924 608 2989 Ἐπεὶ
654 2924 723 2990 δὲ
762 2926 891 2990 τῶν
927 2917 1226 3009 πράξεων
1264 2913 1355 2989 ὧν
1391 2924 1530 2988 ἔστι
1564 2926 1767 3010 πέρας
1805 2918 2080 3006 οὐδεμία
2117 2921 2303 2996 τέλος
2338 2911 2512 2984 ἀλλὰ

306 3031 438 3094 τῶν
472 3029 620 3115 περὶ
659 3022 739 3092 τὸ
776 3030 977 3106 τέλος,
1017 3022 1161 3092 οἷον
1194 3026 1312 3092 τοῦ
1342 3029 1695 3112 ἰσχναίνειν
1731 3022 1773 3106 ἡ
1810 3027 2117 3112 ἰσχνασία
2154 3018 2318 3088 αὐτό
2352 3026 2508 3103 (int.

303 3133 547 3212 τέλος),
590 3125 763 3197 αὐτὰ
799 3133 868 3198 δὲ
907 3137 1056 3214 (int.
1090 3125 1175 3197 τά
1213 3126 1614 3218 πράγματα)
1660 3126 1825 3196 ὅταν
1863 3130 2161 3216 ἰσχναίνῃ
2199 3123 2404 3202 οὕτως
2439 3131 2511 3191 ἐν

303 3232 580 3316 κινήσει,
636 3229 728 3318 μὴ
771 3231 1152 3323 ὑπάρχοντα
1197 3225 1289 3299 ὧν
1332 3241 1518 3299 ἕνεκα
1563 3231 1605 3313 ἡ
1648 3235 1917 3312 κίνησις,
1960 3228 2078 3296 οὐκ
2121 3232 2257 3294 ἔστι
2298 3231 2512 3293 ταῦτα

304 3338 541 3427 πρᾶξις
584 3331 627 3418 ἢ
673 3336 753 3405 οὐ
793 3341 1006 3404 τελεία
1051 3359 1157 3422 γε·
1216 3335 1296 3403 οὐ
1347 3332 1476 3425 γὰρ
1526 3338 1769 3412 τέλος·.
1801 3332 1946 3400 ἀλλ’
1987 3335 2284 3412 ἐκείνη,
2344 3338 2427 3398 ἐν
2468 3321 2510 3424 ᾗ

304 3439 648 3529 ἐνυπάρχει
690 3437 767 3507 τὸ
814 3445 1026 3522 τέλος,
1073 3443 1187 3506 καὶ
1230 3440 1465 3530 πρᾶξις
1508 3444 1661 3522 (int.
1705 3443 1915 3521 ὲστί)·
1975 3432 2122 3503 οἷον
2165 3434 2296 3525 ὁρᾷ
2341 3431 2511 3521 ἅμα

301 3548 437 3612 καὶ
482 3542 781 3632 ἑώρακε
827 3547 947 3627 (cf.
993 3547 1192 3633 Soph.
1242 3547 1321 3611 el.
1370 3545 1535 3626 1.1.)
1582 3545 1693 3609 καὶ
1740 3550 1973 3634 φρονεῖ
2015 3543 2153 3607 καὶ
2197 3535 2511 3631 πεφρό-

302 3673 493 3731 νηκε
540 3652 651 3714 καὶ
695 3658 836 3716 νοεῖ
878 3654 991 3716 καὶ
1033 3646 1374 3730 νενόηκεν*
1433 3647 1582 3715 ἀλλ’
1621 3646 1701 3715 οὐ
1743 3643 2083 3733 μανθάνει
2128 3647 2240 3712 καὶ
2297 3638 2510 3729 μεμά-

305 3757 519 3835 θηκεν
556 3750 694 3821 οὐδ’
725 3750 1053 3838 ὑγιάζεται
1087 3757 1199 3819 καὶ
1227 3752 1555 3839 ὑγίασται.
1622 3742 1693 3819 εὖ
1722 3753 1797 3840 ζῇ
1823 3755 1933 3819 καὶ
1966 3740 2036 3817 εὖ
2066 3751 2284 3830 ἔζηκεν
2313 3744 2509 3833 ἅμα,

296 3861 415 3949 καὶ
474 3855 844 3940 εὐδαιμονεῖ
897 3859 1008 3922 καὶ
1069 3854 1567 3943 εὐδαιμόνηκεν·
1626 3863 1680 3922 εὶ
1732 3858 1802 3923 δὲ
1843 3852 1968 3940 μή,
2026 3855 2154 3919 ἔδει
2209 3846 2296 3917 ἄν
2350 3872 2509 3918 ποτε

301 3958 673 4039 παύεσθαι,
735 3955 948 4046 ὥσπερ
1009 3955 1175 4026 ὅταν
1231 3963 1560 4051 ἰσχναίνῃ·
1615 3963 1734 4027 νῦν
1779 3957 1839 4026 δ’
1880 3953 1987 4038 οὕ,
2042 3951 2215 4029 ἀλλὰ
2272 3957 2348 4047 ζῇ
2397 3958 2510 4022 καὶ

303 4066 541 4147 ἔζηκεν.
607 4062 857 4132 τούτων
899 4058 981 4144 δὴ
1027 4065 1149 4130 δεῖ
1186 4060 1307 4141 τὰς
1339 4066 1460 4147 μὲν
1493 4057 1778 4142 κινήσεις
1816 4065 2038 4147 λέγειν,
2081 4056 2203 4138 τὰς
2241 4058 2299 4125 δ’
2333 4066 2510 4148 ἐνερ-

302 4171 503 4254 γείας.
589 4172 775 4234 πᾶσα
819 4163 948 4254 γὰρ
993 4173 1242 4249 κίνησις
1284 4163 1537 4248 ἀτελής,
1583 4169 1908 4253 ἰσχνασία,
1951 4162 2274 4251 μάθησις,
2314 4163 2511 4248 βάδι-

305 4295 425 4351 σις,
465 4270 903 4359 οἰκοδόμησις.
971 4265 1174 4339 αὗται
1210 4268 1304 4352 δὴ
1342 4268 1640 4352 κινήσεις,
1683 4274 1798 4338 καὶ
1835 4269 2082 4348 ἀτελεῖς
2117 4290 2221 4354 γε·
2268 4265 2348 4334 οὐ
2380 4261 2508 4352 γὰρ

304 4373 450 4461 ἅμα
491 4376 746 4461 βαδίζει
787 4380 898 4443 καὶ
944 4372 1323 4461 βεβάδικεν,
1370 4373 1509 4443 οὐδ’
1549 4376 1882 4461 οἰκοδομεῖ
1923 4378 2032 4440 καὶ
2078 4368 2509 4459 ᾠκοδόμηκεν,

303 4479 454 4549 οὐδὲ
497 4482 788 4565 γίγνεται
831 4482 943 4547 καὶ
985 4485 1279 4561 γέγονεν,
1332 4474 1377 4561 ἢ
1419 4490 1632 4548 κινεῖ
1674 4503 1753 4546 τε
1798 4481 1910 4546 καὶ
1952 4478 2308 4558 κεκίνηκεν,
2353 4472 2499 4542 ἀλλ’
