3043 4973
509 221 656 299 322
1343 221 1417 292 Z
1461 219 1529 293 7.
1595 217 1798 321 ‚1032
1817 218 1883 291 b.

508 422 623 466 ναι
664 400 776 465 καὶ
820 392 943 478 τὴν
984 394 1310 484 πρώτην
1355 393 1620 474 οὐσίαν,
1665 397 1723 460 h.
1765 417 1819 460 e.
1867 397 2068 481 ipsam
2112 404 2395 460 naturam
2441 397 2551 473 rei,
2598 415 2716 479 qua

511 503 662 591 quid
708 506 790 568 sit
831 505 969 588 ipsa
1014 524 1120 594 res
1167 501 1489 580 definitur,
1537 501 1615 565 cf.
1665 501 1767 568 13.
1817 502 2020 565 1038b
2060 501 2162 564 10.
2224 497 2527 563 Trendel.
2573 499 2719 561 Kat.

511 632 574 695 p.
609 610 715 674 40.
786 608 1002 687 (Haec
1042 604 1240 669 verba
1286 603 1456 681 εἶδος
1500 606 1570 670 δὲ
1621 642 1698 656 --
1749 601 1985 670 οὐσίαν
2028 606 2208 690 quasi
2250 606 2315 666 in
2360 602 2722 689 parenthesi

511 715 724 798 posita
768 720 915 775 sunt
959 707 1042 772 ad
1088 708 1520 795 explicandam
1567 711 1692 772 vim
1739 730 1881 773 voc.
1930 704 2117 784 εἷδοςὶ
2188 708 2477 772 Proxima
2510 716 2720 770 autem

516 816 991 881 enunciatione:
1036 815 1148 877 καὶ
1184 807 1312 898 γὰρ
1353 815 1481 878 τῶν
1520 814 1833 878 ἐναντίων
1869 814 2001 878 κτλ.
2043 812 2433 876 demonstrat
2470 830 2722 873 omnem

514 921 995 1007 generationem
1027 916 1447 995 artificiosam,
1483 918 1716 980 etiam
1749 938 1883 980 eam
1916 918 2084 996 (καὶ
2113 911 2280 1000 γάρ)
2311 936 2472 1000 quae
2503 913 2584 977 ad
2615 934 2725 976 ne-

514 1025 796 1111 gativum
832 1042 1036 1109 genus
1071 1024 1402 1107 pertineat,
1439 1019 1839 1085 referendam
1881 1041 2019 1084 esse
2057 1019 2138 1084 ad
2180 1012 2484 1093 τὸεῖδος.
2544 1017 2725 1101 Quo-

409 1188 423 1202 ,
516 1126 716 1191 modo
761 1128 932 1190 inter
974 1146 1046 1189 se
1091 1126 1477 1190 cohaereant
1512 1128 1813 1210 στέρησις
1840 1134 1906 1188 et
1934 1122 2102 1200 εἶδος
2134 1123 2212 1187 cf.
2253 1122 2309 1188 Θ
2337 1123 2398 1185 2.
2432 1124 2633 1187 lomb
2660 1121 2723 1184 8.

517 1231 572 1296 A
600 1233 661 1295 2.
698 1230 899 1294 1013b
928 1231 1031 1293 12.
1080 1229 1318 1294 Trend.
1354 1230 1499 1294 Kat.
1532 1251 1593 1313 p.
1621 1230 1750 1293 108
1779 1233 1955 1309 not.)
2026 1226 2247 1290 Veluti
2290 1229 2343 1290 si
2381 1229 2519 1311 quis
2557 1223 2726 1290 aedi-

450 1320 453 1324 *
497 1333 731 1398 =ficium
767 1342 1108 1411 exstruere,
1152 1337 1483 1397 sanitatem
1523 1335 1855 1396 restituere
1890 1330 2184 1409 voluerit,
2218 1333 2592 1416 principium
2629 1351 2726 1393 re-

514 1436 863 1524 petendum
922 1446 1020 1501 est
1077 1459 1152 1501 ex
1207 1440 1346 1523 ipsa
1400 1435 1703 1514 aedificii,
1761 1438 2045 1500 sanitatis
2090 1439 2379 1500 notione.
2470 1433 2569 1498 Ab
2617 1432 2725 1497 illa

515 1543 788 1608 notione
815 1539 1143 1625 profectus
1175 1545 1416 1606 animus
1447 1540 1528 1605 ad
1565 1562 1636 1604 ea
1670 1539 2097 1627 progreditur,
2145 1562 2306 1625 quae
2341 1541 2502 1602 sumi
2535 1560 2726 1623 opor-

519 1655 612 1711 tet
656 1654 726 1709 ut
769 1643 878 1707 illa
926 1647 1109 1712 notio
1158 1647 1238 1709 re'
1272 1668 1348 1709 ac
1390 1649 1658 1709 veritate
1707 1647 2005 1708 exsistere
2050 1646 2276 1729 possit,
2331 1642 2541 1707 donec
2583 1663 2727 1729 per-

516 1752 768 1814 venerit
812 1746 1208 1834 ati-aliquid,
1270 1752 1445 1813 cuius
1503 1747 1824 1812 efficiendi
1876 1748 2234 1813 facultatem
2281 1750 2422 1833 ipse
2466 1747 2725 1821 habeat;

517 1854 670 1918 inde
715 1851 971 1940 agendo
1022 1862 1085 1916 et
1130 1852 1464 1937 operando
1514 1851 1783 1916 eandem
1827 1855 1991 1916 viam
2038 1856 2271 1938 repetit
2298 1873 2503 1938 usque
2532 1850 2613 1915 ad
2642 1850 2725 1929 id,

516 1953 692 2026 unde
750 1955 1094 2043 cogitando
1158 1977 1417 2020 exorsus
1476 1967 1626 2022 erat.
1717 1957 1835 2024 Ille
1894 1955 2217 2044 cogitandi
2271 1978 2598 2044 regressus
2644 1953 2727 2019 ad

518 2082 740 2126 causas
786 2058 1138 2126 efficientes
1188 2070 1282 2124 est
1325 2054 1569 2138 νόησις,
1611 2060 1716 2126 hic
1757 2082 2140 2148 progressus
2185 2082 2220 2123 a
2268 2063 2471 2126 causis
2518 2058 2599 2122 ad
2639 2059 2728 2123 ef-

516 2164 751 2229 fectum
804 2164 1066 2242 ποίησις
1124 2163 1244 2245 (cf.
1291 2163 1437 2226 Eth.
1483 2165 1559 2227 E.
1606 2164 1666 2227 11
1713 2168 1815 2228 11.
1864 2167 2068 2229 122Ἱὸ
2111 2165 2229 2229 32:
2284 2166 2402 2244 τῆς
2444 2165 2565 2248 μὲν
2610 2152 2728 2227 οὖν

516 2263 807 2347 νοήσεως
849 2259 1019 2354 ἀρχὴ
1064 2260 1144 2331 τὸ
1186 2266 1385 2344 τέλος,
1431 2267 1549 2345 τῆς
1593 2267 1662 2331 δὲ
1706 2263 2001 2352 πράξεως
2042 2264 2085 2348 ἡ
2132 2272 2249 2348 τῆς
2290 2264 2582 2348 νοήσεως
2624 2290 2728 2331 τε·

517 2367 791 2453 λοιπή.)
864 2369 1025 2435 Inde
1070 2370 1463 2457 intelligitur,
1510 2373 1618 2455 qui
1665 2370 1834 2436 dicat
1877 2376 2206 2437 sanitatem
2252 2371 2397 2436 fieri
2445 2394 2523 2436 ex·
2564 2373 2728 2435 sani-

516 2485 675 2555 tate,
722 2475 979 2541 domum
1027 2498 1103 2540 ex
1150 2474 1375 2552 dom0,
1432 2474 1816 2540 materialem
1864 2479 2275 2551 nimirum,ex
2320 2474 2727 2553 immateriali,

515 2579 1200 2651 mente-tantummodo
1236 2589 1562 2664 concepta,
1594 2574 1755 2645 ὥστε
1787 2582 2130 2663 συμβαίνει
2159 2619 2238 2633 --
2262 2575 2424 2660 ὕλην
2447 2583 2588 2661 ὺ10,
2622 2582 2726 2646 11.

519 2685 734 2770 Atque
780 2684 1044 2751 eandem
1092 2684 1246 2748 dicit
1288 2689 1598 2749 rationem
1647 2704 1787 2749 esse
1834 2707 2044 2749 earum
2082 2706 2308 2761 rerum,
2356 2707 2515 2770 quae
2560 2688 2729 2749 inter

452 2775 468 2786 ’
520 2792 781 2875 primam
830 2810 1079 2859 causam
1128 2786 1509 2871 efficientem
1556 2800 1622 2852 et
1666 2788 1952 2855 ultimum
1999 2789 2294 2859 effectum
2344 2788 2591 2853 mediae
2636 2792 2730 2852 in-

518 2891 880 2969 tercedunt,
942 2888 1185 2974 ὁμοίως
1244 2892 1311 2955 δὲ
1369 2870 1506 2956 κᾶν
1536 2892 1666 2955 τῶν
1721 2886 1939 2956 ἄλλων
1989 2895 2119 2958 τῶν
2164 2886 2409 2977 μεταξὺ
2454 2897 2730 2958 ἕκαστον

515 2997 807 3079 γίγνεται
846 2997 995 3060 1117.
1091 2994 1314 3059 Veluti
1374 2993 1456 3058 ad
1515 2994 1913 3059 efficiendam
1965 3000 2292 3061 sanitatem
2339 2996 2729 3061 rest-ituenda

519 3109 616 3164 eet
674 3098 953 3184 aequalis
1013 3102 1301 3186 eorporis
1361 3103 1697 3186 temperies
1755 3099 1860 3164 vel
1910 3100 2276 3165 reddendus
2323 3104 2580 3185 corpori
2631 3116 2745 3164 ca-'

516 3202 647 3280 lor3
692 3202 853 3273 haec
899 3207 1082 3268 etiam
1130 3206 1484 3289 temperies,
1529 3205 1633 3267 hic
1681 3203 1856 3268 calor
1897 3203 2115 3270 eadem
2155 3208 2405 3268 ratione
2441 3204 2730 3269 efficiun-

519 3318 636 3386 tur,
682 3317 752 3371 ut
786 3308 1131 3393 praecedat
1169 3304 1410 3387 νόησις,
1457 3320 1759 3394 sequatur
1793 3311 2074 3388 ποίησις.
2144 3309 2584 3394 Quaecunque
2614 3311 2730 3395 igi-

516 3422 621 3475 tur
666 3431 783 3497 per
828 3421 1025 3479 artem
1068 3411 1249 3490 fiunt,
1298 3433 1371 3475 ea
1414 3416 1624 3476 omnia
1664 3415 2040 3498 principium
2080 3412 2317 3476 habent
2356 3414 2427 3474 in
2463 3416 2731 3476 notione

517 3517 613 3578 rei
660 3513 829 3599 apud
878 3516 1150 3578 animum
1198 3525 1526 3600 concepta.

650 3622 728 3696 c)
764 3616 1221 3682 Generatio
1255 3613 1734 3703 spontanea,
1771 3620 2121 3685 1123--3o
2180 3620 2249 3685 Si
2277 3641 2435 3684 vero
2466 3619 2617 3705 quid
2655 3642 2728 3684 ex

516 3722 614 3785 his
657 3720 882 3801 rebus,
928 3742 1091 3807 quae
1134 3731 1405 3807 possunt
1447 3720 1591 3784 fieri
1636 3742 1753 3808 per
1796 3735 2021 3804 artem,
2067 3723 2333 3789 fortuito
2380 3746 2455 3787 ac
2500 3735 2731 3809 sponte

521 3828 843 3904 exstiterit,
886 3846 1021 3893 non
1066 3824 1176 3890 illa
1223 3813 1447 3903 noti0,
1473 3847 1549 3888 ex
1595 3846 1715 3910 qua
1761 3823 1993 3908 νόησις
2034 3833 2298 3914 primum
2344 3849 2419 3891 ac
2456 3839 2585 3892 tum
2623 3826 2730 3891 de·-

517 3950 684 3994 mum
730 3930 992 4008 ποίησις
1034 3928 1419 4005 ordiebatur,
1464 3929 1579 3993 sed
1619 3933 1832 4016 potius
1871 3931 1938 3995 id
1979 3942 2074 3996 est
2112 3934 2508 4017 principium,
2554 3930 2730 4017 quod

517 4035 788 4120 primum
838 4044 973 4096 erat
1017 4044 1082 4098 et
1128 4037 1503 4121 principium
1551 4037 1616 4097 in
1665 4033 1995 4098 faciendo:
2053 4029 2173 4100 ἐὰν
2217 4033 2273 4098 δ’
2315 4031 2449 4100 ἀπὸ
2494 4032 2730 4100 ταύτο-

514 4131 736 4222 μάτου
773 4138 924 4215 (int.
953 4139 1257 4220 γίγνηταί
1291 4140 1412 4220 τι),
1455 4130 1593 4201 ἀπὸ
1637 4134 1875 4203 τούτου
1919 4143 2068 4220 (int.
2099 4139 2446 4223 γίγνεται),
2495 4133 2531 4202 ὅ
2569 4161 2729 4202 ποτε

517 4239 664 4322 (vel
695 4243 915 4326 potius
949 4235 1164 4328 ὅπερ,
1209 4241 1332 4305 «ab
1372 4262 1452 4304 eo
1491 4244 1638 4328 ipso
1675 4242 1923 4327 quod»,
1961 4264 2122 4328 quae
2154 4240 2500 4306 Alexandri
2532 4240 2729 4306 lectio

515 4343 772 4411 videtur
814 4344 1012 4410 fuisse
1056 4368 1120 4431 p.
1164 4346 1310 4424 459,
1359 4346 1488 4425 18)
1547 4345 1669 4410 τοῦ
1721 4354 1996 4412 ποιεῖν
2052 4340 2221 4433 ἀρχὴ
2282 4347 2375 4429 τῷ
2429 4345 2732 4410 ποιοῦντι
