3043 4973
25 4317 55 4392 “³1ss
25 4110 53 4260 'za-35!-
25 4001 51 4048 Ε.
25 3793 50 3943 '‘aff-3-
26 3687 47 3733 νε-
26 3587 45 3628 ⁷2:

1092 230 1177 298 K
1224 226 1284 299 l.
1336 226 1402 299 2.
1487 227 1754 302 1059a.
2372 229 2507 304 451

1355 584 1476 686 K.

466 796 764 855 runs
814 797 1234 870 mnan,
1292 792 1352 854 1.
1395 790 1608 854 1059a
1647 790 1733 853 18
1775 826 1862 837 -
1903 766 1967 854 s.
2010 766 2221 854 1065«
2256 788 2363 853 26.

445 928 673 991 Priore
719 924 867 990 libri
914 927 986 992 K
1027 938 1208 1012 parte
1269 929 1488 994 eadem
1546 930 1804 994 brevius
1862 941 2295 1015 exponuntur,
2354 948 2515 1014 quae
2565 932 2582 953 ‘

315 1031 570 1097 uberius
616 1029 934 1115 disputata
978 1042 1124 1095 sunt
1167 1031 1343 1096 libris
1373 1033 1507 1097 ΒΓ
1498 1034 1577 1097 Ε.
1655 1031 1794 1098 Cur
1837 1034 1958 1117 ipsi
1989 1032 2319 1098 Aristoteli
2356 1035 2516 1098 baec

313 1135 459 1201 libri
496 1156 639 1221 pars
675 1133 1055 1220 assignanda
1093 1135 1401 1216 videatur,
1447 1136 1807 1225 significavi
1840 1141 1908 1201 in
1946 1141 2284 1223 prooemio
2318 1163 2380 1226 p.
2407 1138 2513 1202 15.

315 1241 567 1304 Etenim
613 1241 666 1302 si
708 1259 1017 1323 ponamus
1076 1238 1158 1303 ab
1205 1238 1332 1304 alio
1379 1241 1655 1326 quodam
1700 1251 1849 1326 post
1894 1241 2302 1307 Aristotelem
2346 1244 2517 1308 Peri-

314 1346 594 1430 patetico
642 1351 976 1428 excerptos
1021 1364 1160 1406 esse
1205 1342 1406 1408 libros
1442 1345 1636 1410 ΒΓΕ
1675 1366 1939 1430 eamque
1985 1349 2308 1432 epitomen
2350 1346 2514 1411 falso

313 1449 467 1533 ipsis
497 1445 862 1511 Aristotelis
909 1444 1089 1511 libris
1123 1445 1358 1512 illatam
1397 1469 1555 1526 esse,
1598 1451 1824 1512 mirum
1852 1448 2054 1513 videri
2087 1448 2296 1528 debet,
2341 1446 2517 1535 quod

315 1552 630 1615 rarissime
686 1553 754 1614 in
813 1551 933 1613 hac
987 1550 1289 1614 breviore
1348 1550 1795 1616 dissertatione
1841 1552 2100 1619 eaedem
2144 1573 2249 1617 res
2292 1552 2515 1618 iisdem

311 1652 525 1718 verbis
573 1656 901 1741 expositae
943 1664 1106 1733 sunt,
1159 1655 1385 1740 quibus
1430 1658 1498 1720 in
1543 1655 1852 1743 ampliore
1895 1654 2006 1720 illa
2049 1656 2515 1743 disputatione3

312 1779 436 1823 nec
492 1757 678 1822 facile
737 1756 1038 1844 explicari
1094 1769 1342 1844 potest,
1396 1762 1507 1846 qui
1560 1761 1792 1824 factum
1834 1763 1944 1838 sit,
1999 1763 2178 1825 ut-in
2224 1761 2343 1825 hac
2387 1764 2518 1848 epi-

313 1872 486 1928 tome
533 1872 598 1926 et
642 1865 874 1929 omissa
916 1865 1047 1927 sint
1089 1862 1458 1948 aliquoties,
1508 1886 1672 1950 quae
1708 1866 1859 1929 satis
1902 1867 2120 1953 gravia
2164 1863 2515 1945 videantur,

312 1966 418 2031 vel
462 1965 543 2030 ab
591 1965 817 2031 ordine
861 1969 1311 2033 sententiarum
1358 1978 1424 2032 et
1468 1970 2032 2056 argumentationis
2078 1968 2305 2033 in--illis
2334 1968 2516 2033 libris

313 2073 635 2135 institutae
666 2068 1053 2155 aliquantum
1086 2066 1448 2150 discessum,
1495 2083 1561 2137 et
1594 2070 1716 2136 alia
1748 2072 1896 2137 huic
1924 2071 2338 2159 disputationi
2370 2092 2519 2160 pro-

313 2177 450 2261 pria
496 2177 625 2238 sint
668 2184 733 2239 et
774 2173 1137 2259 peculiaria,
1182 2197 1345 2260 quae
1389 2176 1619 2241 frustra
1664 2198 1932 2263 quaeras
1974 2180 2046 2240 in·
2085 2176 2264 2243 libris
2302 2176 2517 2242 ΒΓΕε

316 2277 591 2364 denique
633 2282 737 2343 vix
783 2276 1088 2342 credibile
1134 2289 1247 2355 est,
1291 2290 1416 2344 tam
1450 2293 1741 2346 accurate
1771 2302 2143 2366 quemquam
2174 2280 2517 2346 dictionem

316 2380 788 2447 Aristotelicam
832 2386 1061 2447 imitari
1107 2392 1170 2446 et
1214 2387 1560 2469 exprimere
1602 2386 1911 2470 potuisse.
1998 2386 2139 2449 Hae
2184 2383 2520 2450 difficulta-

316 2500 412 2552 tes
461 2507 681 2552 omnes
726 2485 1053 2565 tolluntur,
1098 2490 1151 2551 si
1199 2486 1278 2551 ab
1326 2491 1470 2574 ipso
1502 2490 1612 2554 Ar.
1658 2488 1824 2553 banc
1864 2486 2232 2576 theologiae
2275 2500 2520 2576 partem

314 2595 581 2679 primum
640 2592 760 2655 bac
816 2591 1251 2677 disputatione
1306 2591 1767 2671 adumbratam,
1822 2602 2048 2678 postea
2105 2592 2284 2658 libris
2332 2591 2530 2657 ΒΓΕ
2655 2635 2662 2640 ,

315 2696 571 2760 uberius
618 2694 1006 2759 elaboratam
1054 2716 1194 2759 esse
1238 2693 1554 2780 ponimus,

447 2801 552 2864 De
588 2802 742 2885 ipsis
779 2801 987 2878 rebuS‚
1031 2821 1190 2884 quae
1227 2800 1345 2863 hac
1379 2799 1526 2865 libri
1555 2800 1628 2866 K
1653 2811 1838 2886 parte
1865 2802 2290 2877 eontinentur,
2328 2819 2519 2885 quum

319 2907 673 2991 expositum
715 2907 837 2968 iam
885 2907 967 2969 sit
1011 2903 1091 2968 ad
1135 2902 1339 2968 libros
1379 2904 1593 2982 ΒΓΕ,
1652 2906 2030 2970 satisfecisse
2086 2905 2237 2968 mihi
2292 2902 2521 2969 videor

315 3010 679 3093 interpretis
724 3006 971 3086 officio,
1015 3011 1069 3074 si
1114 3008 1580 3097 significavero,
1627 3010 1851 3095 quibus
1898 3031 2037 3073 cum
2072 3007 2235 3073 locis
2265 3006 2519 3071 illorum

315 3111 624 3176 librorum
671 3111 959 3198 singulae
1003 3112 1189 3178 huius
1226 3112 1383 3177 libri.
1404 3124 1620 3200 partes
1656 3116 1998 3179 concinant
2034 3121 2100 3175 et
2135 3110 2283 3197 quid
2322 3113 2523 3198 potis-

317 3220 539 3280 simum
595 3214 701 3277 vel
761 3214 1074 3279 diversum
1132 3219 1213 3279 sit
1263 3220 1331 3279 in
1386 3216 1868 3303 argumentandi
1926 3218 2178 3280 ratione
2228 3213 2333 3278 vel
2376 3214 2523 3278 huic

318 3317 488 3384 libro
533 3322 887 3403 proprium3
947 3340 1070 3404 qua
1115 3318 1196 3382 de
1240 3340 1310 3383 re
1356 3318 1750 3384 conferenda
1795 3330 1892 3385 est
1937 3322 2158 3386 eximia
2203 3317 2523 3382 Brandisii

320 3423 698 3509 disputatio:
751 3421 977 3486 Ueber
1023 3422 1126 3487 die
1169 3424 1647 3489 Aristotelische
1693 3423 2125 3510 Metaphysik.
2181 3422 2353 3487 Berl.
2401 3420 2522 3488 Ak.

318 3527 381 3593 d.
414 3521 625 3594 Wiss'.
670 3527 864 3590 1834.
954 3526 1352 3613 Exponenda
1395 3538 1723 3613 praeterea
1769 3537 1947 3606 sunt,
1990 3529 2045 3591 si
2091 3548 2211 3613 qua
2256 3527 2325 3592 in
2367 3528 2522 3613 ipsis

317 3631 529 3697 verbis
573 3629 681 3695 vel
722 3628 1149 3718 explicatione
1194 3631 1303 3696 vel·
1346 3630 1791 3698 emendatione
1833 3631 2134 3697 videntur
2178 3651 2389 3719 egere.

816 3883 1055 3960 CAR·
1113 3885 1147 3957 1
1211 3884 1284 3958 <sz-
1347 3883 1424 3988 11
1487 3900 1613 3975 <=
1655 3894 1724 3959 B
1767 3896 2027 3975 2—6).

453 4043 680 4108 Primis
726 4042 981 4123 verbis,
1025 4027 1233 4109 10590
1277 4046 1588 4120 18-20,
1646 4044 1878 4128 respici
1930 4041 2038 4107 vel
2080 4041 2163 4108 ad
2204 4046 2407 4130 ipsum
2452 4041 2523 4106 li-

320 4147 503 4212 brum
550 4148 622 4210 A
663 4146 769 4211 vel
814 4147 897 4212 ad
942 4147 1124 4211 aliam
1173 4148 1453 4213 eiusdem
1502 4149 1860 4236 argumenti
1911 4150 2524 4223 commentationem,

326 4249 635 4316 monitum
680 4261 778 4314 est
816 4255 883 4337 ’μ
915 4252 1020 4316 22.
1109 4252 1366 4318 Deinde
1411 4261 1864 4318 enumerantur
1910 4263 1978 4317 et
1999 4250 2412 4339 explicantur
2455 4251 2528 4313 ai

326 4353 620 4442 ἀπορίαι,
665 4354 742 4417 cf.
786 4353 870 4418 ad
913 4355 982 4420 Β
1023 4357 1156 4422 init.
2159 4405 2164 4410 .

2016 4462 2085 4514 29
2104 4460 2128 4484 ⁸
2282 4478 2311 4503 ο
