3043 4973
502 216 641 291 170
1320 218 1394 288 Β
1441 208 1523 287 6.·
1579 193 1865 288 *1003oe

497 396 770 481 opponit
824 386 871 471 ἤ
912 387 1033 458 τιν’
1081 395 1300 477 ἕτερον
1349 385 1625 477 τρόπον.“
1708 389 1985 456 Affinem
2043 388 2208 456 hanc
2263 388 2695 474 quaestionem

498 501 557 568 ei
602 513 740 561 esse
784 496 955 573 dicit,
999 494 1080 564 de
1117 518 1241 582 qua
1278 497 1565 581 proxime
1606 504 1703 559 est
1742 493 2143 579 disputatum,
2186 502 2392 558 utrum
2425 512 2695 558 numero

497 623 578 666 an
623 604 836 686 specie
879 600 1060 664 finita
1099 602 1225 664 sint
1261 602 1603 686 principia;
1650 597 1824 684 quod
1861 602 2027 664 enim
2065 618 2330 662 numero
2368 618 2561 662 unum
2603 605 2700 662 est

502 691 565 771 et
608 701 756 770 τόδε
802 725 881 784 τι,
925 703 1093 769 idem
1140 712 1284 767 actu
1330 714 1454 778 est;
1500 700 1675 788 quod
1719 723 1876 766 vero
1921 706 2135 789 specie
2179 724 2375 767 unum
2420 699 2502 773 de
2541 698 2698 764 mul-

496 813 577 875 tis
623 813 859 896 pariter
901 807 1331 894 praedicatur,
1387 806 1452 871 id
1509 817 1681 872 certe
1740 810 2189 895 cognationem
2234 804 2546 891 quandam
2593 804 2699 868 ha-

496 915 606 979 bet
662 935 800 978 cum
858 916 948 996 τῷ
994 913 1270 994 δυνατῷ.
1358 911 1455 976 Ac
1496 914 1768 997 primum
1812 909 2094 996 quidem,
2142 910 2601 978 1134—1003a
2636 908 2698 987 2,

497 1020 808 1104 principia
853 1020 1138 1102 potentia
1188 1036 1327 1082 esse
1370 1037 1505 1079 non
1547 1026 1707 1094 actu,
1751 1015 1903 1081 inde
1943 1015 2336 1082 demonstrat
2372 1010 2546 1099 quod
2584 1032 2700 1098 po-

498 1124 696 1187 tentia
740 1124 918 1207 prior
954 1124 1035 1188 sit
1072 1142 1253 1206 quam
1295 1129 1487 1197 actuS,
1533 1115 1840 1207 siquidem
1881 1130 2056 1186 actus
2096 1117 2347 1184 videtur
2386 1117 2525 1182 esse
2564 1136 2699 1180 non

499 1248 693 1313 posse
751 1228 873 1290 nisi
930 1246 1074 1289 eum
1128 1226 1549 1309 praecesserit
1589 1228 1874 1311 potentia
1922 1218 2283 1310 (πρότερον
2327 1215 2456 1305 γὰρ
2501 1216 2542 1299 ἡ
2588 1214 2700 1286 δύ-

500 1354 699 1415 ναμις
742 1331 986 1408 ἐκείνης
1026 1328 1144 1407 τῆς
1188 1331 1475 1410 αἰτίας),
1531 1332 1820 1416 potentia
1875 1350 2032 1393 vero
2090 1331 2182 1392 ita
2239 1329 2426 1391 etiam
2482 1333 2701 1411 potest

502 1456 657 1511 esse,
702 1444 772 1498 ut
818 1456 952 1497 eam
997 1453 1131 1498 non
1169 1444 1471 1517 sequatur
1506 1443 1686 1498 actus
1727 1425 1843 1514 (τὸ
1888 1433 1957 1498 δὲ
2001 1424 2286 1498 δυνατὸν
2330 1428 2448 1500 οὐκ
2491 1426 2701 1513 ἀναγ-

499 1547 693 1603 καῖον
733 1539 1005 1615 ἐκείνως,
1046 1540 1088 1601 i.
1120 1558 1177 1602 e.
1223 1541 1534 1622 ἐνεργείᾳ,
1575 1540 1713 1603 πᾶν
1756 1539 1980 1623 ἔχειν).
2069 1536 2152 1600 At
2197 1557 2271 1599 ex
2317 1534 2536 1600 eadem
2580 1534 2703 1597 hac

501 1646 766 1720 ratione,
812 1641 987 1727 quod
1031 1644 1377 1727 potentiam
1422 1664 1574 1707 non.
1596 1643 1957 1710 necessario
1993 1644 2277 1726 sequitur
2314 1651 2507 1716 actua,
2550 1657 2700 1724 pro-

500 1750 677 1814 ximis
720 1747 950 1826 verbis,
985 1749 1249 1824 112—5,
1293 1766 1427 1810 non
1476 1767 1615 1810 esse
1651 1748 1961 1831 principia
1989 1747 2276 1831 potentia
2310 1741 2698 1829 comprobat.

500 1853 809 1918 Nimirum
854 1850 921 1915 id
967 1848 1142 1936 quod
1185 1849 1273 1923 fit,
1304 1847 1590 1918 nondum
1638 1861 1762 1930 est,
1817 1849 2099 1934 alioquin
2148 1869 2283 1913 non
2325 1847 2515 1911 fieret
2562 1846 2703 1927 (γί-

501 1978 727 2040 γνεται
769 1948 898 2039 γὰρ
941 1949 1019 2018 τὸ
1063 1948 1154 2037 μὴ
1200 1946 1353 2036 ὅν),·
1413 1953 1718 2040 quidquid
1759 1955 1865 2034 fit,
1919 1977 1994 2019 ex
2041 1975 2119 2018 eo
2165 1952 2241 2016 fit
2285 1950 2459 2037 quod
2500 1949 2704 2014 fiendi

501 2062 849 2147 potentiam
877 2057 1088 2136 habet,
1131 2063 1202 2122 ἐκ
1230 2060 1350 2124 τοῦ
1375 2061 1735 2143 γίγνεσθαι
1762 2060 2049 2125 δυνατοῦ
2090 2053 2339 2137 (οὐθὲν
2384 2056 2453 2122 δὲ
2490 2056 2705 2138 γίγνε-

503 2188 615 2229 ται
652 2165 781 2229 τῶν
820 2157 985 2229 εἶναι
1024 2156 1442 2244 ἀδυνάτων);
1502 2183 1694 2251 ergo,
1740 2161 1915 2249 quod
1947 2163 2233 2248 potentia
2273 2169 2398 2238 est,
2442 2156 2509 2223 id
2542 2178 2705 2221 non-

505 2267 653 2333 dum
702 2278 824 2332 est
868 2259 1188 2347 (δυνατὸν
1231 2258 1360 2351 γὰρ
1406 2261 1575 2333 εἶναι
1611 2269 1726 2331 καὶ
1760 2261 1836 2332 τὸ
1872 2262 2065 2351 μήπω
2112 2259 2247 2346 ὅν).
2280 2344 2283 2347 ἦ
2312 2261 2470 2329 Inde
2511 2283 2704 2349 appa-

505 2384 631 2451 ret,
676 2375 730 2435 si
772 2375 1062 2459 potentia
1108 2391 1246 2435 esse
1289 2373 1595 2456 principia
1639 2375 1963 2457 pomeria,
2005 2370 2148 2436 fieri
2191 2390 2414 2457 posse,
2459 2377 2527 2431 ut
2569 2387 2704 2434 non

506 2480 632 2543 sint
674 2478 1000 2564 principia,
1055 2485 1135 2554 et,
1181 2474 1236 2538 si
1277 2477 1590 2563 principia
1628 2499 1763 2543 non
1807 2478 1972 2557 sint„
1996 2497 2077 2540 eo
2125 2478 2311 2541 etiam
2354 2474 2561 2537 minus
2606 2493 2708 2536 ce-

506 2593 777 2648 terarum
821 2578 1160 2668 quidquam
1204 2601 1430 2648 rerum.

856 2774 1172 2851 Quaestio
1221 2777 1446 2862 quinta
1490 2774 1759 2839 decima.
1854 2775 2060 2839 1003a
2099 2775 2237 2837 5—-
2258 2772 2361 2836 17.

639 2895 953 2978 Principia
1009 2916 1161 2958 num
1215 2897 1342 2957 sint
1397 2894 1778 2959 universalia
1826 2914 1908 2957 an
1953 2891 2297 2957 individua.
2389 2890 2704 2976 Quaestio

507 2997 721 3062 verbis
765 3000 965 3084 magis
1009 3020 1192 3083 quam
1238 3019 1307 3061 re
1345 2997 1562 3062 differt
1600 3021 1636 3073 a
1676 3001 2048 3083 quaestione
2086 3018 2276 3074 nona,
2319 3004 2524 3060 utrum
2564 3014 2711 3078 spe*

511 3106 607 3167 cie
652 3124 734 3167 an
777 3123 1042 3167 numero
1089 3101 1348 3167 definita
1395 3104 1524 3166 sint
1565 3104 1905 3188 principia,
1962 3100 2075 3165 sed
2134 3101 2261 3164 boc
2316 3098 2465 3164 loco
2524 3097 2710 3161 aliter

510 3206 896 3294 disceptatur
939 3219 1126 3294 atque
1164 3206 1310 3284 illic,
1356 3204 1531 3291 quod
1570 3208 1790 3271 mirum
1829 3227 1962 3271 non
2001 3214 2219 3291 potest
2251 3202 2472 3282 videri,
2518 3223 2709 3288 quum

511 3310 841 3379 dialectice
884 3323 1125 3379 tantum
1169 3332 1272 3376 res
1318 3319 1542 3398 agatur
1580 3321 1643 3377 et
1683 3312 1894 3374 variae
1931 3314 2209 3376 rationes
2246 3312 2484 3395 pariter
2522 3316 2709 3391 aptae

511 3418 668 3493 sint,
711 3438 844 3480 non
890 3417 971 3483 ad
1017 3414 1529 3504 cognoscendam
1572 3417 1933 3493 veritatem,
1986 3414 2099 3479 sed
2145 3413 2226 3478 ad
2271 3412 2709 3499 quaestionem

510 3522 580 3583 in
625 3528 949 3604 utramque
992 3532 1234 3606 partem
1279 3519 1661 3607 agitandam.
1727 3520 2021 3596 Primum,
2058 3521 2145 3582 a7
2163 3520 2318 3594 —9,
2362 3519 2417 3583 si
2460 3518 2712 3580 univer-

512 3622 668 3687 salia
711 3627 1004 3708 ponimus
1049 3645 1189 3689 esse
1233 3627 1572 3709 principia,
1630 3625 1927 3708 quoniam
1987 3621 2343 3686 universale
2387 3618 2712 3711 praedica-

512 3739 615 3792 tur
659 3726 741 3792 de
785 3727 996 3793 multis
1042 3738 1107 3792 et
1151 3726 1540 3813 qualitatem,
1592 3747 1726 3791 non
1770 3727 2183 3791 substantiam
2227 3724 2543 3812 significat
2572 3722 2710 3803 (cf.

515 3833 576 3896 Z
615 3834 759 3911 13),
813 3853 1210 3918 consequens
1255 3830 1404 3896 inde
1449 3842 1563 3909 est,
1606 3842 1677 3895 ut
1718 3833 2029 3916 principia
2072 3851 2207 3895 non
2250 3834 2379 3895 sint
2422 3827 2712 3897 substan-

516 3938 660 4000 tiae.
726 3937 910 4001 Hanc
943 3936 1377 4001 difficultatem
1410 3937 1702 4009 evitaturi
1731 3938 1786 3999 si
1815 3936 2343 4028 statuerimus-(et
2382 3931 2442 3997 δ’
2480 3934 2712 3999 ἔσται

505 4043 648 4120 ,(19)
696 4040 1051 4106 universale
1096 4064 1210 4128 per
1253 4064 1324 4106 se
1372 4050 1435 4106 et
1476 4062 1548 4104 re
1594 4061 1668 4102 ac
1709 4043 1973 4103 veritate
2006 4060 2145 4103 esse
2190 4039 2585 4116 (ἐκθέσθαι,
2630 4035 2709 4099 cf.

517 4144 599 4210 ad
636 4146 709 4209 A
743 4147 805 4210 9.
841 4146 1002 4210 9921»
1041 4147 1179 4226 10),
1225 4145 1365 4209 aliis
1407 4143 1799 4230 implicamur
1840 4141 2008 4207 haud
2054 4141 2404 4207 levioribus
2438 4142 2713 4226 ineptiiS,

516 4251 825 4315 ‹19—12.
893 4251 1182 4335 Namque
1227 4249 1376 4315 inde
1408 4248 1698 4326 efficitur,
1742 4256 1812 4310 ut
1842 4244 2165 4311 individua
2197 4247 2563 4323 substantia,
2604 4265 2715 4308 ve-

519 4355 634 4421 luti
662 4354 976 4434 Socrates,
1021 4353 1235 4441 plures
1263 4356 1332 4418 in
1361 4375 1431 4418 se
1464 4353 1789 4417 contineat
1816 4350 2212 4430 substantias,
2254 4348 2564 4438 siquidem
2594 4348 2714 4415 So-
