3043 4973
567 234 713 312 308
1399 238 1478 307 Ζ
1518 233 1589 306 4.
1672 233 1941 307 103οα.

570 412 950 497 λεγομένων.
1018 411 1114 478 Ita
1156 408 1456 478 videntur
1499 432 1654 477 sane
1690 411 1851 477 haec
1887 412 2195 476 artissime
2234 413 2402 476 inter
2442 432 2513 477 se
2552 411 2776 476 cohae-

572 538 737 595 rere,
795 538 868 582 re
921 537 1072 582 vera
1130 514 1322 603 plane
1378 515 1691 581 disiuncta
1748 525 1922 593 sunt;
1990 518 2222 581 etenim
2281 538 2468 602 quum
2526 509 2603 580 τὸ
2663 537 2775 595 τηε

574 642 714 687 esse
750 619 903 686 dicit
944 619 1076 686 τῶν
1112 617 1280 685 καθ’
1320 616 1483 686 αὐτὸ
1530 620 2024 709 λεγομένων,
2071 623 2357 708 cogitare
2392 641 2533 684 eum
2569 629 2778 684 tamen

570 717 648 791 τὸ
692 746 807 803 τηε
851 745 992 789 esse
1036 726 1166 789 τῶν
1207 719 1374 788 καθ’
1414 716 1580 787 αὐτὸ
1627 716 1910 802 ὄντων,
1966 722 2034 788 id
2093 735 2191 789 est
2242 733 2450 788 autem
2494 726 2626 789 τῶν
2667 720 2781 788 οὐ·

573 831 761 907 σιῶν,
815 837 881 893 et
927 850 1002 893 ex
1046 830 1344 893 universa
1388 828 1723 891 notatione
1767 829 1888 893 τοῦ
1929 850 2042 907 τηε
2088 826 2335 915 qualem
2382 828 2616 914 ubique
2661 837 2782 891 tra·-

574 932 671 999 dit
715 941 782 996 et
827 954 863 997 e
906 934 1189 1018 proxima
1235 930 1670 1017 disputatione
1716 942 1994 1017 apparet.

705 1038 1028 1101 Reversus
1065 1039 1232 1101 enim
1265 1034 1348 1099 ad
1386 1025 1650 1099 eandem
1689 1055 1872 1121 quam
1904 1057 2091 1121 supra
2123 1044 2551 1122 proposuerat
2582 1036 2789 1109 1⁰29&

573 1143 662 1206 25
707 1142 1171 1228 quaestionem:
1218 1131 1392 1203 ἀλλὰ
1434 1140 1528 1221 τῷ
1561 1138 1802 1222 ἱματίῳ
1843 1135 2010 1204 εἶναι
2045 1128 2180 1226 ἆρα
2219 1141 2355 1205 ἔστι
2393 1141 2458 1204 τί
2495 1129 2581 1220 ἦν
2618 1136 2788 1204 εἶναι’

575 1268 638 1310 τι
682 1240 880 1328 ὅλωςς
926 1265 1059 1309 non
1107 1247 1244 1309 esse
1291 1239 1656 1328 respondet,
1699 1236 1745 1322 ἢ
1787 1236 1884 1308 οὕ.
1958 1241 2267 1325 (Secutus
2308 1265 2442 1309 sum
2485 1264 2620 1308 eam
2657 1252 2787 1306 tex-

577 1360 678 1415 tus
725 1347 1107 1415 emendandi
1140 1351 1471 1424 rationem,
1518 1367 1704 1432 quam
1743 1350 2060 1432 proposui
2097 1358 2158 1414 et
2198 1347 2620 1434 comprobare
2658 1357 2789 1412 stu-

576 1452 686 1520 dui
730 1456 798 1518 in
827 1452 991 1519 obs·
1033 1475 1095 1539 p.
1129 1454 1259 1517 118
1298 1473 1454 1537 sqq„
1498 1469 1633 1514 non
1680 1449 1853 1536 quod
1901 1472 2038 1515 eam
2083 1451 2163 1515 ab
2210 1456 2383 1517 omni
2428 1461 2610 1537 parte
2656 1471 2790 1515 cer-

575 1569 701 1623 tam
748 1579 888 1624 esse
935 1560 1194 1644 opiner,
1252 1554 1365 1620 sed
1423 1556 1572 1641 quia
1629 1576 1752 1618 nec
1806 1556 1875 1619 in
1932 1556 2197 1644 vulgato
2251 1568 2426 1622 textu
2471 1557 2790 1643 acquiesci

575 1682 771 1748 posse
827 1659 1123 1748 intelligo
1185 1681 1306 1725 nec
1347 1658 1676 1724 meliorem
1722 1658 1914 1725 video
1962 1660 2041 1725 ab
2091 1661 2229 1728 aliis
2276 1670 2577 1726 tentatam
2624 1680 2788 1724 esse.

573 1765 913 1830 Praeterea
973 1775 1180 1830 autem
1238 1768 1487 1853 signum
1534 1766 2060 1852 interrogationis
2107 1776 2256 1851 post
2300 1787 2357 1827 V.
2405 1760 2572 1840 ὅλως
2613 1763 2793 1829 vide-

575 1878 680 1935 tur
721 1868 1093 1956 ponendum
1140 1890 1310 1947 esse,
1356 1879 1429 1933 ut
1472 1890 1508 1933 a
1553 1879 1712 1954 part.
1758 1863 1802 1948 ἥ
1849 1868 2133 1934 ordiatur
2176 1872 2545 1954 responsio,
2591 1891 2666 1934 ex
2711 1890 2794 1933 ea

572 1972 940 2040 Aristotelis
972 1970 1451 2053 consuetudine,
1482 1972 1564 2038 de
1598 1996 1721 2059 qua
1754 1973 2076 2039 cf.Waitz
2100 1973 2262 2060 Org.
2288 1975 2411 2038 6611
2435 1974 2496 2038 2.
2546 1971 2789 2037 Trend.

576 2075 659 2141 de
706 2098 807 2140 an.
851 2100 917 2162 p.
948 2078 1142 2158 208.)
1236 2075 1437 2143 Cuius
1497 2081 1665 2142 enim
1722 2079 1815 2142 rei
1871 2099 2009 2142 esse
2052 2077 2319 2142 velimus
2365 2077 2430 2141 τί
2472 2066 2557 2156 ἦν
2604 2073 2792 2155 εἶναι,

576 2201 714 2260 eam
761 2189 1067 2266 oportere
1114 2201 1254 2244 esse
1298 2175 1449 2245 τόδε
1486 2204 1553 2245 τι
1586 2183 1695 2259 α3,
1731 2182 1772 2245 4
1813 2191 1876 2247 et
1907 2182 2170 2268 πρῶτον
2205 2184 2359 2258 ⁰10,
2403 2180 2464 2243 h.
2501 2202 2555 2244 e.
2595 2200 2793 2266 opor-

574 2293 715 2348 tere
777 2304 915 2348 esse
971 2304 1104 2347 rem
1157 2282 1512 2363 definitam,
1571 2307 1786 2364 unam,
1846 2297 1911 2350 et
1953 2297 2141 2351 unam
2188 2284 2440 2372 quidem
2486 2287 2790 2371 primario

574 2409 768 2453 sensu
814 2398 881 2452 et
922 2396 1147 2473 suapte
1191 2396 1431 2467 natura,
1477 2411 1602 2454 nec
1643 2412 1805 2486 vero
1841 2400 2183 2478 propterea
2214 2389 2426 2467 unam,
2473 2387 2646 2474 quod
2683 2388 2794 2453 vel

575 2491 834 2558 affectio
880 2492 987 2558 vel
1033 2493 1329 2558 accidens
1377 2497 1436 2558 ei
1480 2495 1808 2561 inhaereat
1853 2488 2065 2579 (κατὰ
2108 2489 2370 2572 πάθος,
2415 2491 2502 2569 ὡς
2545 2493 2792 2577 συμβε-

573 2591 782 2680 βηκός
820 2599 1000 2678 α14)
1041 2597 1149 2662 vel
1195 2596 1368 2662 aliud
1413 2598 1567 2683 quid
1610 2599 1958 2684 praedicati
2002 2598 2153 2663 loco
2202 2600 2263 2661 ei
2300 2599 2612 2663 tribuatur
2654 2597 2794 2680 (τῷ

573 2694 739 2766 ἄλλο
783 2697 929 2766 κατ’
969 2695 1175 2767 ἄλλον
1218 2703 1539 2785 λέγεσθαι
1580 2705 1689 2782 α4,
1738 2705 1862 2782 10)
1907 2701 2011 2767 vel
2070 2724 2209 2767 cum
2263 2701 2476 2788 aliquo
2525 2703 2793 2765 coniun-

574 2813 675 2869 cta
720 2809 803 2870 sit
846 2799 1059 2884 (κατὰ
1103 2800 1386 2891 μετοχήν
1427 2808 1624 2886 a13).
1713 2808 1892 2873 Haec
1945 2827 2103 2870 vero
2166 2809 2406 2884 omnia,
2464 2828 2627 2891 quae
2678 2804 2793 2869 vel

574 2907 997 2973 excluduntur
1042 2908 1145 2972 vel
1182 2911 1608 2994 requiruntur,
1653 2913 1707 2975 si
1752 2914 1928 2976 cuius
1973 2913 2066 2974 rei
2110 2904 2188 2975 τὸ
2232 2911 2298 2974 τί
2340 2900 2424 2989 ἦν
2471 2904 2637 2974 εἶναι
2678 2930 2795 2973 ve-

574 3011 759 3077 limus
807 3033 966 3093 esse,
1009 3014 1199 3077 unice
1242 3013 1430 3078 simul
1474 3014 1712 3080 cadunt
1754 3018 1821 3080 in
1863 3008 1951 3079 τὰ
1990 3018 2221 3097 γένους
2263 3014 2401 3093 εἴδη
2438 3015 2592 3092 α12,
2635 3013 2695 3078 h.
2730 3034 2790 3076 e.

571 3119 639 3181 in
688 3137 793 3181 eas
838 3137 959 3196 res,
1009 3139 1173 3203 quae
1219 3139 1255 3180 a
1299 3127 1523 3183 natura
1569 3140 1605 3182 a
1650 3139 1890 3206 genere
1937 3117 2019 3185 ad
2064 3120 2310 3204 species
2357 3116 2791 3183 descendente

576 3225 715 3287 sine
762 3220 891 3286 ulla
936 3221 1044 3287 vel
1088 3222 1430 3288 accidentis
1463 3221 1570 3288 vel
1601 3222 1848 3288 fortuiti
1880 3221 2256 3287 admistione
2289 3221 2590 3287 definitae
2620 3231 2787 3287 sunt.

573 3326 742 3391 Hae'
773 3335 926 3390 sunt
978 3348 1052 3391 re
1109 3348 1261 3391 vera
1319 3322 1571 3405 οὐσίαι,
1628 3327 1847 3393 harum
1904 3335 2188 3392 naturam
2245 3321 2483 3413 (ὅπερ
2529 3321 2679 3391 τόδε
2724 3348 2789 3389 τι

574 3430 685 3508 α3,
716 3431 776 3508 5,
824 3429 904 3495 cf.
936 3429 1020 3494 ad
1047 3430 1115 3494 Γ
1136 3432 1197 3495 2.
1232 3433 1436 3497 10031»
1460 3432 1586 3512 33)
1635 3424 1709 3496 τὸ
1753 3434 1820 3496 τί
1862 3421 1947 3511 ἦν
1994 3423 2161 3496 εἶναι
2202 3428 2446 3509 definit,
2492 3441 2554 3494 et
2600 3431 2787 3494 unice

572 3532 695 3597 τοῦ
736 3554 852 3612 τηε
900 3532 1244 3620 descriptio
1294 3544 1357 3599 et
1403 3535 1766 3621 explicatio,
1823 3556 1958 3600 non
2012 3534 2350 3600 cuiuslibet
2392 3537 2484 3599 rei
2529 3537 2787 3599 circum-

574 3638 856 3723 scripti0,
903 3657 1015 3702 sua
1062 3657 1137 3700 ac
1180 3642 1438 3725 propria
1484 3643 1551 3704 vi
1595 3633 1868 3726 ὁρισμός
1913 3649 2195 3704 vocatur.

697 3735 1011 3828 Ὃρισμός
1069 3750 1134 3803 et
1188 3734 1265 3805 τὰ
1327 3742 1395 3806 τί
1449 3731 1534 3822 ἦν
1578 3727 1755 3807 ἐἶναι
1810 3746 1901 3809 ita
1926 3758 1929 3761 ’
1958 3746 2124 3808 inter
2168 3764 2238 3807 se
2284 3741 2656 3818 cohaerent,
2715 3749 2787 3805 ut

543 3846 940 3930 *saepissime
985 3842 1252 3910 alterum
1297 3866 1416 3931 per
1461 3845 1728 3911 alterum
1775 3846 2157 3912 Aristoteles
2210 3846 2496 3934 explicet.
2554 3844 2787 3908 »Sicuti

575 3949 740 4013 enim
784 3948 913 4013 hoc
949 3946 1118 4027 loco,
1164 3949 1273 4014 ubi
1319 3951 1529 4037 agitur
1575 3950 1656 4015 de
1703 3949 2159 4039 cognoscendo
2205 3953 2296 4032 τῷ
2339 3971 2472 4030 τηε,
2515 3949 2640 4013 hoc
2681 3947 2787 4013 de-

571 4051 717 4118 finit
773 4051 1050 4118 adhibita
1106 4056 1228 4120 τοῦ
1286 4049 1570 4138 ὁρισμοῦ
1623 4057 1920 4121 notione:
1979 4050 2055 4120 τὸ
2118 4055 2182 4118 τί
2241 4044 2323 4132 ἦν
2383 4050 2552 4118 εἶναι’
2608 4056 2784 4116 ἐστιν

574 4150 751 4222 ὅσων
796 4153 833 4221 ὁ
879 4152 1076 4241 λόγος
1118 4159 1295 4223 ἐστὶν
1341 4153 1636 4242 ὁρισμός,
1677 4161 1765 4222 ita
1812 4157 1966 4223 alibi
2005 4157 2087 4222 ad
2127 4156 2609 4222 describendum
2646 4152 2783 4242 ὁρι-

572 4256 744 4345 σμόν
800 4259 1092 4326 adsciscit
1134 4254 1211 4326 τὸ
1255 4252 1320 4325 ri
1364 4251 1449 4341 ἦν
1495 4257 1689 4341 εἶναι,
1752 4261 1829 4326 cf.
1878 4263 2047 4348 Top.
2094 4261 2125 4326 Ι
2170 4263 2230 4326 5.
2282 4263 2440 4326 101⁶
2479 4262 2595 4326 39:
2651 4262 2786 4326 ἔστι

574 4361 633 4429 δ’
672 4359 829 4452 ὅρος
869 4366 991 4450 μὲν
1034 4358 1232 4450 λόγος
1277 4360 1314 4430 ὁ
1361 4357 1435 4429 τὸ
1482 4367 1548 4429 τί
1591 4355 1677 4445 ἦν
1721 4362 1887 4432 εἶναι
1940 4365 2298 4450 σημαίνων.
2369 4368 2429 4430 4.
2482 4365 2637 4429 101ὸ
2679 4366 2782 4428 21.
