3043 4973
553 219 700 293 556
1368 224 1476 294 Μ
1515 217 1585 293 8.
1670 217 1855 294 1083
1873 218 1938 291 b.

554 398 647 461 uti
691 394 900 461 soleat
942 398 1008 460 in
1056 394 1481 462 examinandis
1529 405 1593 462 et
1632 393 1984 465 refutandis
2027 354 2295 461 aliorum
2341 394 2618 483 placitis;
2678 397 2771 463 cf.

556 499 717 566 ObS.
763 523 826 587 p.
863 501 1009 565 131.

688 694 772 776 l)
824 694 978 772 Qua
1020 698 1277 762 ratione
1318 698 1573 761 numeri
1614 698 1914 761 oriantur
1943 718 2027 760 ex
2046 680 2379 781 principib
2409 693 2768 776 materiali,

444 873 448 877 ‚
557 798 749 886 quale
790 798 991 863 Plato
1025 803 1268 885 poma,
1317 799 1857 865 108311223-36,

686 917 874 981 Plato
936 919 1111 1003 quod
1170 919 1499 985 materiale
1556 938 1961 983 numerorum
2025 916 2325 982 idealium
2382 918 2768 1003 principium

560 1041 701 1085 esse
748 1019 991 1085 dixerat
1019 1017 1110 1088 τὸ
1153 1028 1325 1108 μέγα
1367 1024 1481 1088 καὶ
1530 1017 1792 1108 μικρόν,
1851 1042 1986 1086 non
2046 1020 2177 1086 duo
2235 1019 2594 1107 significare
2648 1041 2772 1084 vo-

555 1122 764 1188 luerat
805 1126 1112 1210 principia
1157 1125 1405 1193 diversa
1452 1135 1521 1191 et
1564 1130 1847 1191 seiuncta
1891 1128 2060 1190 inter
2101 1146 2189 1203 se,
2232 1123 2349 1188 sed
2391 1145 2580 1188 unam
2617 1144 2772 1188 ean-

558 1225 826 1312 demque
883 1234 1367 1314 potentiam,
1425 1251 1590 1316 quae
1650 1239 1714 1294 et
1769 1228 2069 1318 augendo
2126 1238 2194 1293 et
2237 1227 2648 1294 diminuendo
2696 1230 2767 1293 in

557 1329 876 1395 infinitum
921 1329 1155 1397 idonea
1204 1346 1398 1413 esset,
1444 1333 1521 1399 cf.
1574 1332 1655 1397 ad
1691 1332 1763 1397 A
1795 1337 1856 1399 6.
1895 1335 2058 1400 987⁶
2089 1333 2195 1398 18.
2285 1334 2391 1398 Ar.
2436 1353 2593 1396 vero
2638 1332 2770 1397 hoc

557 1433 710 1500 loco
769 1438 837 1499 in
891 1437 1047 1522 ipsis
1101 1437 1315 1503 verbis
1375 1439 1625 1516 haeret,
1683 1458 1845 1523 quae
1904 1459 2093 1524 quum
2139 1436 2612 1525 ambiguitatem
2654 1434 2770 1500 ali-

560 1560 743 1624 quam
775 1540 1165 1621 contineant,
1193 1541 1345 1607 inde
1369 1542 1717 1607 Platonicis
1740 1544 2005 1629 negotia
2029 1542 2345 1607 facessere
2368 1539 2596 1623 studet,
2624 1563 2769 1627 per-

559 1653 857 1709 contatus
900 1653 1110 1711 utrum
1158 1667 1233 1711 ex
1274 1656 1552 1732 utroque
1597 1648 1916 1732 principio
1964 1666 2045 1710 an
2094 1667 2168 1710 ex
2213 1644 2417 1711 altero
2460 1655 2604 1711 utro
2641 1649 2767 1710 sin·

558 1747 750 1835 gulae
806 1767 1214 1813 numerorum
1269 1752 1546 1815 unitates
1591 1748 2112 1835 proficiscantur3
2171 1760 2377 1815 utrum
2423 1752 2589 1814 euim
2632 1748 2768 1835 pla-

561 1853 767 1915 cuerit
795 1851 1161 1931 PlatoniciS,
1203 1856 1272 1918 in
1306 1875 1509 1920 novas
1544 1874 1658 1918 eos
1690 1852 2099 1919 difficultates
2129 1852 2436 1939 implicari
2469 1852 2765 1919 ostendit.

560 1956 812 2021 Etenim
857 1959 909 2020 si
956 1956 1118 2020 aliae
1165 1978 1240 2021 ex
1283 1979 1538 2046 magno,
1582 1957 1745 2022 aliae
1792 1980 1868 2023 ex
1898 1979 2098 2045 parvo
2134 1961 2409 2024 unitates
2444 1960 2770 2037 exsistunt,

560 2079 696 2127 non
742 2060 1217 2127 sunteiusdem
1261 2064 1506 2127 numeri
1552 2064 1826 2126 unitates
1872 2057 2263 2152 ἀδιάφοροι,
2318 2083 2528 2148 neque
2573 2063 2769 2150 expli-

564 2166 694 2227 cari
740 2173 983 2249 potest,
1047 2163 1216 2229 unde
1269 2163 1524 2228 tandem
1570 2167 1639 2229 in
1684 2168 1962 2230 numeris
2007 2165 2348 2251 imparibus
2394 2165 2597 2231 media
2639 2166 2769 2246 illa,

565 2289 750 2354 quam
798 2266 1032 2347 dicunt,
1076 2272 1285 2332 unitas
1330 2268 1662 2354 prodierit,
1696 2270 2044 2336 1125-30.
2117 2270 2232 2335 Sin
2276 2270 2601 2357 quaelibet
2634 2274 2771 2336 uni—

564 2382 661 2437 tas
691 2395 770 2437 ex
802 2383 1075 2459 utroque
1105 2371 1324 2458 prodit
1352 2374 1667 2459 principio
1700 2374 2167 2452 (ἰσασθέντων,
2205 2374 2285 2440 cf.
2316 2377 2373 2440 7.
2405 2376 2614 2441 losla
2637 2378 2771 2456 25),

563 2477 738 2543 uude
772 2500 885 2544 eae
915 2479 1189 2544 unitates
1231 2475 1599 2542 coalescant
1639 2478 1708 2541 in
1752 2499 1974 2541 unam
2021 2489 2309 2544 naturam
2337 2477 2443 2544 vel
2475 2478 2625 2566 quid
2655 2478 2773 2545 dif-

564 2581 775 2646 ferant
817 2580 898 2645 ab
946 2585 1084 2668 ipsa
1129 2584 1372 2647 unitate
1407 2582 1706 2667 explicari
1738 2584 1975 2667 nequit,
2011 2582 2363 2649 ban—32.
2436 2584 2772 2650 Praeterea

567 2685 650 2750 de
698 2706 772 2749 ea
817 2688 1086 2763 unitate,
1144 2706 1308 2770 quae
1364 2688 1632 2772 primum
1688 2688 1858 2749 inter
1912 2706 2212 2750 numeros
2267 2685 2480 2752 locum
2525 2688 2775 2755 obtinet

565 2810 689 2854 nec
731 2810 887 2853 vero
932 2791 1138 2875 ipsum
1186 2798 1282 2853 est
1317 2810 1724 2863 numerorum
1752 2792 2126 2877 principium
2159 2790 2440 2871 formale,
2488 2787 2650 2857 αὐτὸ
2694 2788 2771 2859 τὸ

569 2897 655 2971 ἓν,
689 2913 900 2957 novae
938 2896 1246 2957 exsistunt
1280 2891 1733 2958 dubitationes.
1809 2895 1986 2958 Haec
2018 2897 2184 2958 enim
2216 2898 2423 2960 unitas
2454 2918 2645 2983 quum
2675 2918 2774 2962 re-

567 2996 756 3083 liquis
801 2998 1080 3060 numeris
1125 2998 1307 3080 prior
1350 2998 1448 3075 sit,
1494 2995 1637 3061 idea
1685 3000 1864 3082 prior
1905 2996 2049 3062 idea
2096 3000 2231 3063 sive
2274 2998 2420 3085 idea
2460 3000 2649 3066 ideae
2682 3004 2776 3066 vi-

570 3102 760 3167 detur
806 3102 1121 3166 exsistere.
1199 3100 1294 3164 Ac
1338 3122 1528 3186 quum
1574 3102 1754 3186 prior
1787 3100 2046 3187 reliquis
2081 3104 2358 3168 numeris
2388 3106 2599 3170 unitas
2627 3126 2777 3191 pro-

571 3206 761 3271 dierit
798 3227 874 3270 ex
896 3206 1243 3290 principiis,
1290 3226 1370 3298 ex*
1409 3203 1638 3290 quibus
1678 3203 1992 3291 prodierit
2034 3208 2374 3291 quaeritur.
2442 3211 2555 3288 (ὲκ
2596 3210 2775 3285 τίνος

571 3300 692 3377 οὖν
734 3312 958 3395 scripsi
998 3331 1138 3373 cum
1170 3307 1535 3373 Alexandro
1567 3332 1629 3395 p.
1658 3312 1803 3388 747,
1837 3312 1921 3374 10
1966 3330 2088 3396 pro
2133 3310 2399 3399 vulgato
2445 3315 2515 3376 ἐκ
2557 3335 2775 3379 τινοσ-

572 3414 710 3480 οὕν.
790 3412 868 3477 cf.
919 3414 1128 3477 1085a
1164 3413 1236 3476 2:
1295 3416 1366 3477 ἐκ
1426 3413 1607 3487 τίνος
1665 3401 1784 3478 οὖν
1841 3408 2009 3492 αὕτη
2053 3409 2096 3492 ἡ
2144 3409 2377 3496 δυάςς)
2466 3416 2776 3482 Nimirum

577 3538 655 3582 ex
697 3514 1033 3580 indefinita
1076 3518 1293 3603 magni
1339 3525 1404 3580 et
1444 3518 1624 3602 parvi
1670 3513 1884 3601 dyade
1920 3537 2056 3582 non
2085 3527 2304 3604 potest
2332 3517 2664 3604 prodiisse,
2708 3531 2777 3587 ut

575 3642 740 3707 quae
786 3613 1095 3696 δυοποιός
1137 3621 1234 3698 sit,
1278 3640 1411 3684 non
1456 3613 1777 3695 ἑνοποιός.

707 3816 787 3895 2)
821 3814 999 3892 Quot
1019 3816 1153 3879 sint
1178 3813 1509 3882 statuendi
1533 3816 1789 3879 numeri
1810 3813 2078 3897 ideales,
2097 3816 2300 3882 1083b
2316 3817 2698 3884 36—1084b
2714 3818 2777 3884 2.

707 3932 778 3997 Si
823 3935 960 4019 quis
1007 3954 1307 4000 numeros
1355 3932 1700 4023 cogitando
1755 3942 1993 3999 tantum
2042 3936 2275 4002 confici
2319 3936 2595 4022 ideoque
2636 3934 2778 4001 sola

575 4023 864 4125 potentia
910 4058 1041 4102 non
1090 4047 1232 4103 actu
1277 4042 1579 4104 exsistere
1625 4048 1872 4117 censet,
1928 4059 2062 4103 non
2120 4050 2218 4104 est
2273 4063 2386 4106 cur
2429 4040 2512 4105 de
2558 4062 2776 4105 eorum

576 4138 976 4206 multitudine
1023 4163 1097 4205 ac
1139 4141 1270 4207 fine
1316 4142 1601 4218 laboret3
1658 4145 1793 4229 ipsa
1853 4144 2017 4207 enim
2070 4147 2357 4229 potentia
2403 4143 2778 4212 infinitatem

575 4246 937 4311 necessario
995 4265 1206 4308 secum
1264 4245 1455 4311 habet
1511 4248 1929 4321 coniunctam.
2028 4247 2158 4333 Qui
2217 4258 2425 4314 autem
2481 4269 2780 4314 numeros

578 4359 890 4436 tamquam
936 4347 1317 4415 substantias
1363 4349 1655 4416 absolute
1701 4371 1777 4415 ac
1818 4372 1934 4437 per
1979 4372 2049 4417 se
2093 4337 2466 4420 exsistentes
2515 4362 2779 4440 ponunt,
