3043 4973
516 232 615 320 '70
1360 246 1436 318 Α
1484 246 1553 320 3.
1627 244 1774 320 984
1791 223 1855 318 b.

519 420 722 501 tione,
781 431 845 488 et
887 405 1384 487 consentaneum
1431 432 1529 487 est
1572 421 1811 487 collato
1858 423 2190 506 superiore
2231 419 2384 485 loco
2429 421 2596 498 1129,
2655 429 2722 486 et

517 527 667 592 inde
725 525 1165 606 confirmatur,
1218 525 1392 611 quod
1450 528 1517 589 in
1565 524 1837 604 EleatiS,
1894 529 2131 611 quippe
2182 526 2288 609 qui
2331 524 2721 590 immobilem

518 638 870 694 statuerent
901 650 1108 695 rerum
1145 614 1635 707 universitatem,
1675 650 1761 694 ne
1806 631 2021 715 quaeri
2057 626 2310 713 quidem
2344 634 2605 714 poterat
2639 629 2723 694 de
2812 626 2826 638 ”

520 754 705 797 causa
749 719 1032 799 motrice.
1123 732 1228 797 De
1285 732 1557 798 formula
1615 733 1686 797 ἓν
1745 729 1822 796 τὸ
1877 734 2015 797 πᾶν
2057 730 2136 795 cf.
2184 729 2264 795 ad
2309 733 2369 796 8.
2415 734 2577 798 9886
2613 732 2722 798 22.

518 837 703 901 Unus
732 836 1138 901 Parmenides
1177 833 1651 931 quodammodo
1694 856 1942 900 causam
1977 837 2302 900 motricem
2339 838 2570 922 posuit,
2614 858 2724 901 ne-

519 960 641 1025 que
687 950 897 1005 tamen
942 944 1008 1004 in
1054 962 1145 1019 ea,
1192 943 1295 1004 cui
1336 942 1474 1026 ipse
1512 938 1707 1004 fidem
1743 938 1983 1018 habuit,
2027 937 2453 1025 philosophia,
2498 939 2612 1004 sed
2653 943 2725 1006 ἐν

517 1049 660 1118 τοῖς
701 1040 867 1130 πρὸς
912 1039 1132 1123 δόξαν,
1170 1044 1285 1108 ubi
1330 1042 1581 1130 quidem
1628 1062 1927 1107 sensuum
1971 1041 2210 1108 iudicio
2258 1052 2323 1107 et
2364 1041 2544 1130 vulgi
2590 1045 2728 1129 opi-

517 1144 820 1210 nionibus
855 1156 1094 1213 tantum
1135 1151 1465 1225 concessit,
1508 1157 1583 1212 ut
1616 1134 2112 1235 generationem,
2158 1164 2340 1232 qnam
2373 1144 2726 1210 tollendam

517 1246 803 1314 funditus
841 1263 1253 1338 cognoverat,
1299 1250 1614 1336 explicare
1644 1250 1946 1326 studeret,
1990 1248 2068 1312 cf.
2098 1249 2304 1312 Parni.
2334 1270 2394 1314 v.
2429 1250 2559 1313 112
2589 1270 2725 1335 sqq.
2794 1242 2803 1250 “

521 1353 731 1416 Karst.
808 1350 1029 1440 Itaque
1068 1352 1508 1418 Parmenidem
1551 1352 1930 1419 Aristoteles
1974 1362 2233 1416 eatenus
2277 1351 2474 1432 modo
2520 1370 2730 1416 acces-

519 1459 677 1520 sisse
716 1456 868 1521 dicit
903 1457 984 1522 ad
1014 1456 1413 1522 statuendum
1445 1460 1826 1544 principium
1856 1468 2484 1542 movens,·quatenus
2521 1450 2728 1537 (κατιὲ

517 1559 842 1625 τοσοῦτον
885 1554 1048 1625 ὅσον
1090 1563 1215 1640 ῠ3)
1263 1560 1393 1627 duo
1442 1564 1780 1648 principia,
1825 1556 2094 1624 calidum
2145 1573 2209 1625 et
2249 1558 2572 1649 frigidum,
2614 1579 2730 1645 po-

520 1663 662 1739 suit,
708 1661 969 1729 alterum
1016 1672 1089 1728 ut
1131 1684 1416 1743 movens,
1461 1666 1726 1730 alterum
1772 1674 1842 1728 ut
1879 1663 2234 1741 materiale3
2281 1682 2443 1750 quae
2475 1662 2727 1750 quidem

519 1762 652 1829 duo
687 1769 991 1854 principia
1029 1770 1172 1854 quia
1206 1790 1341 1832 non
1366 1772 1434 1833 in
1455 1772 1593 1855 ipsa
1619 1766 2066 1854 philosophiae
2092 1769 2490 1852 expositione
2516 1766 2631 1832 sed
2659 1772 2731 1833 ἐν

518 1877 658 1943 τοῖς
698 1868 865 1953 πρὸς
901 1867 1105 1949 δόξαν
1140 1874 1371 1952 statuit,
1418 1893 1553 1937 non
1593 1870 1815 1947 ἁπλῶς
1849 1869 1962 1935 sed
1997 1890 2159 1946 πως
2188 1872 2271 1935 ⁶4
2310 1873 2603 1958 posuisse
2639 1869 2731 1934 di-

523 1973 701 2035 citur.
738 1998 818 2023 —
865 1975 1155 2039 Proxima
1200 1975 1395 2040 verba
1441 1984 1581 2052 τοῖς
1617 1976 1686 2040 δὲ
1722 1974 1920 2039 πλείω
1958 1974 2221 2040 ποιοῦσι
2257 1974 2516 2058 μᾶλλον
2553 1975 2729 2039 ἑνδέ-

511 2078 699 2158 χετοίι
728 2076 936 2159 λέγειν
972 2081 1055 2145 ὃὸ
1092 2098 1226 2144 non
1267 2079 1573 2144 debemus
1610 2099 1917 2164 quaerere
1950 2077 2028 2141 ad
2061 2098 2246 2164 quem
2276 2076 2730 2163 philosophum

519 2176 858 2243 referenda
915 2184 1069 2262 sint,
1130 2185 1238 2269 qui
1294 2198 1482 2269 quum
1543 2182 1727 2269 plura
1786 2191 2089 2245 statueret
2140 2179 2451 2246 elementa
2497 2184 2607 2245 uni
2654 2200 2731 2245 ex

519 2280 616 2344 his
664 2283 954 2349 tribuerit
996 2289 1119 2351 vim
1166 2291 1513 2351 motricem.
1588 2288 1860 2350 Tantum
1910 2288 2073 2349 enim
2122 2283 2276 2349 dicit·
2317 2283 2727 2351 Aristoteles:

518 2390 894 2468 potuisse
941 2408 1053 2453 eos
1098 2390 1541 2476 philosophos,
1589 2391 1695 2474 qui
1740 2389 1924 2475 plura
1968 2398 2319 2454 statuerent
2354 2411 2563 2453 rerum
2605 2388 2731 2453 cle-

519 2499 746 2569 menta,
789 2492 1035 2559 facilius
1081 2498 1421 2584 pervenire
1467 2493 1547 2557 ad
1592 2493 2035 2558 inveniendam
2085 2516 2331 2558 causam
2367 2496 2730 2570 motricem3

519 2603 710 2679 atque
768 2596 833 2660 id
894 2617 1008 2662 eos
1054 2592 1432 2694 potuisse
1476 2599 1777 2683 proximis
1822 2597 2033 2662 verbis
2082 2595 2369 2683 exemplo
2415 2598 2731 2661 Parmeni-

518 2694 614 2760 dis
660 2695 932 2764 illustrat
976 2698 1121 2766 οἷον
1148 2709 1288 2778 τοῖς
1318 2694 1581 2786 θερμὸν
1609 2702 1721 2766 καὶ
1750 2694 2008 2787 ψυχρὸν
2038 2700 2189 2778 κτλ.,
2235 2722 2418 2785 quem
2459 2698 2731 2766 eundem

514 2799 638 2863 iam
677 2813 860 2868 antea
899 2803 1053 2868 dixit
1088 2815 1348 2869 eatenus
1379 2825 1628 2868 causam
1663 2807 2008 2881 motricem,
2049 2806 2425 2889 principium
2463 2821 2730 2868 movens

516 2908 826 2983 statuisse,
873 2917 1182 2993 quatenus
1228 2929 1361 2972 non
1411 2929 1595 2971 unam
1643 2905 1757 2972 sed
1805 2905 1961 2972 duas
2000 2928 2221 2971 causas
2260 2928 2399 2971 esse
2437 2916 2729 2992 poneret.

524 3005 619 3071 Ad
664 3008 1100 3080 Parmenidem
1162 3014 1327 3075 enim
1385 3008 1723 3074 referenda
1779 3031 1919 3075 esse
1961 3010 2121 3074 haec
2165 3010 2359 3074 verba
2404 3006 2550 3075 οἷον
2590 3018 2732 3086 τοῖς

517 3113 650 3175 κτλ.
699 3113 1033 3199 apparebit
1077 3113 1435 3177 conferenti
1482 3116 1548 3177 5.-
1588 3116 1753 3178 986⁶
1787 3115 1895 3178 31.
1958 3113 2040 3178 de
2084 3136 2234 3201 gen.
2278 3124 2343 3179 et
2389 3136 2552 3179 corr.
2591 3115 2623 3179 Ι
2666 3116 2728 3179 3.

516 3216 678 3279 318⁶
712 3218 772 3280 6.
846 3216 1050 3302 Quod
1099 3220 1153 3282 si
1199 3221 1337 3302 quis
1375 3215 1833 3303 Empedoclem
1878 3220 2094 3303 potius
2142 3220 2235 3281 his
2282 3216 2493 3281 verbis
2539 3220 2733 3305 signia

510 3313 692 3382 ficari
739 3323 1086 3406 putaverit,
1146 3323 1442 3407 quoniam
1490 3324 1544 3383 is
1588 3323 1801 3408 ignem
1849 3321 2106 3407 reliquis
2152 3322 2352 3385 tribus
2400 3320 2729 3385 elementis

509 3426 894 3505 vopposuerit
926 3435 990 3487 et
1026 3427 1326 3488 maiorem
1374 3427 1429 3488 ei
1472 3423 1844 3511 dignitatem
1884 3425 2193 3502 tribuerit,
2233 3424 2310 3489 cf.
2350 3424 2431 3487 ad
2467 3426 2528 3488 4.
2561 3426 2730 3489 985⁴

513 3525 616 3601 31,
655 3546 726 3588 ea
761 3525 1011 3611 quidem
1041 3530 1206 3592 ratio
1239 3530 1528 3615 argutior
1556 3525 1810 3591 videtur
1842 3549 1981 3592 esse
2014 3531 2199 3614 quam
2230 3529 2473 3603 verior3
2513 3530 2726 3615 ignem

515 3629 683 3690 enim
726 3626 879 3692 licet
923 3628 1352 3715 Empedocles
1399 3652 1590 3715 supra
1634 3629 1880 3716 reliqua
1928 3630 2238 3695 elementa
2287 3629 2596 3717 dignitate
2644 3629 2732 3693 ef-

509 3729 723 3809 ferret,
757 3741 966 3797 tamen
998 3735 1102 3796 vix
1137 3732 1392 3800 videtur
1421 3742 1663 3798 tantum
1695 3756 1733 3798 a
1761 3755 1874 3799 sua
1907 3737 2103 3820 ipsius
2141 3737 2455 3799 sententia
2496 3732 2731 3797 disces-

512 3835 699 3910 sisse,
758 3847 830 3899 ut
888 3835 1263 3901 vindicatam
1319 3840 1630 3902 amicitiae
1679 3848 1742 3901 et
1787 3841 2185 3903 contentioni
2230 3842 2354 3902 vim
2401 3840 2728 3902 motricem

516 3935 597 4001 ad
642 3938 768 4001 hoc
814 3937 1195 4004 clementum
1240 3942 1631 4006 transferret.

640 4043 873 4107 9841»ss
916 4038 1118 4127 μετὰ
1160 4044 1242 4109 δὲ
1278 4039 1628 4121 τούτους
1674 4083 1755 4095 -
1802 4046 1891 4109 22
1934 4054 2113 4121 τοῖς
2159 4034 2415 4111 οὖσιν.
2486 4042 2730 4131 Cogni-

510 4147 589 4209 tis
634 4145 732 4208 his
780 4145 1032 4211 duobus
1081 4169 1406 4212 causarum
1453 4149 1825 4236 generibUS,
1876 4141 2044 4232 μετὰ
2087 4142 2208 4225 τοὶς
2250 4142 2563 4222 τοιαύτὰς
2609 4145 2730 4233 ἀρ-

499 4243 628 4334 χάς
672 4249 733 4314 h.
770 4271 824 4314 e.
865 4244 986 4326 τοὶς
1019 4244 1245 4327 ὑλικὰς
1279 4254 1393 4316 καὶ
1430 4249 1550 4328 τὰς
1586 4247 1948 4333 ποιὴτικάς,
1991 4256 2129 4338 ipsa
2167 4251 2451 4317 veritatis
2486 4253 2551 4313 vi
2586 4272 2730 4316 coa—-

507 4355 591 4417 cti
639 4352 761 4434 (cf.·
801 4352 882 4418 ad
922 4350 1118 4436 ⁶18),
1165 4357 1462 4440 quoniam
1511 4351 1675 4422 ordo
1721 4354 1928 4423 rerum
1976 4377 2097 4424 nec
2142 4356 2220 4421 ab
2264 4357 2595 4422 elementis
2636 4378 2729 4422 re-
