3043 4973
504 188 605 263 20

507 364 681 430 leant
724 363 1076 450 quibusque
1104 365 1289 431 =inter
1330 385 1403 431 se
1443 364 1797 431 rationibus
1838 365 2225 433 cohaereant
2259 362 2718 451 disputandum

508 492 667 535 esse.
742 466 1082 533 Praeterea
1128 472 1181 535 si
1227 490 1349 555 qua
1395 479 1491 533 est
1534 468 1678 533 libri
1725 470 1795 533 K
1838 471 2181 535 auctoritas
2227 472 2294 535 in
2339 468 2716 550 definiendo

507 572 820 639 uberioris
867 571 1316 658 disputationis
1362 571 1620 655 ordine,
1679 576 1865 639 sicuti
1909 572 2048 641 illio
2090 576 2442 659 expositum
2484 576 2722 659 princi·

509 680 680 762 pium
730 664 1252 741 contradictionis
1299 679 1606 740 continuo
1653 680 1938 763 sequitur
1982 676 2431 762 philosophiae
2476 680 2722 763 primae

510 779 802 845 definitio
863 792 931 847 et
987 784 1150 847 entis
1209 779 1596 865 disquisitio,
1651 782 1737 844 ita
1797 778 2024 845 librum
2072 781 2137 845 E
2175 791 2326 866 post
2382 784 2588 867 ipsum
2643 781 2758 845 li-=

506 883 689 949 brum
743 884 811 948 Γ
857 883 1228 971 ponendum
1287 904 1496 968 neque
1556 882 1726 949 aliud
1784 883 2122 970 quidquam
2181 883 2722 970 interponendum

511 1009 651 1053 esse
697 998 1196 1055 consentaneum
1243 997 1357 1051 est.

644 1091 898 1177 Quodsi
958 1095 1096 1177 quis
1152 1091 1250 1154 his
1308 1098 1518 1154 motus
1578 1089 1935 1156 rationibus
1979 1099 2221 1157 mutato
2268 1090 2574 1160 librorum
2618 1112 2728 1155 or-

513 1195 663 1261 dine
708 1195 935 1261 librum
969 1195 1022 1261 A
1064 1194 1323 1280 reliquis
1369 1191 1666 1259 omnibus
1702 1215 2106 1280 praeponere
2139 1195 2456 1261 induxerit
2489 1198 2554 1261 in
2590 1198 2727 1261 ani-

510 1323 698 1377 mum,
741 1321 825 1363 ne
868 1301 961 1365 sic
1002 1297 1253 1383 quidem
1291 1317 1513 1361 omnes
1551 1294 1983 1362 dubitationes
2013 1298 2338 1363 videbitur
2370 1296 2724 1363 sustulisse.

511 1405 676 1469 Nam
723 1406 774 1467 si
822 1402 901 1466 ad
947 1406 1207 1488 primam
1254 1401 1722 1489 philosophiam
1768 1411 2101 1486 paraturus
2147 1401 2384 1469 aditum
2415 1404 2726 1467 Aristote-

512 1506 608 1571 les
652 1505 1112 1571 vocabulorum
1162 1504 1558 1591 quorundam
1604 1506 1844 1569 varium
1898 1526 2080 1571 usum
2133 1508 2432 1591 persequi
2485 1504 2725 1569 voluis-

513 1622 628 1689 set,
673 1632 748 1675 ea
794 1613 1080 1677 nimirum
1127 1608 1443 1675 vocabula
1491 1606 1644 1695 eligi
1689 1629 1807 1693 par
1845 1618 1995 1685 erat,
2042 1629 2307 1694 quorum
2344 1611 2722 1695 praecipuus

514 1725 683 1780 esset
727 1717 793 1778 in
836 1713 957 1777 hac
998 1713 1449 1800 philosophiae
1493 1723 1675 1797 parte
1721 1732 1892 1777 usus·
1966 1713 2150 1777 Hanc
2181 1734 2341 1778 vero
2372 1710 2598 1799 legem,
2641 1710 2722 1776 ab

513 1821 653 1905 ipsa
699 1820 792 1883 rei
837 1828 1062 1883 natura
1102 1819 1432 1902 scriptam,
1492 1837 1716 1900 parum
1771 1814 2059 1881 videmus
2103 1815 2506 1883 observatam
2551 1836 2721 1892 esses

514 1942 723 2006 neque
760 1922 924 1985 enim
963 1940 1186 1983 omnes
1225 1927 1599 2004 persecutus
1638 1929 1736 1995 est
1779 1922 2094 1996 notiones,
2141 1941 2294 2004 quas
2337 1923 2478 1987 iure
2519 1922 2721 2004 requi-

513 2026 739 2101 rimuS‚
783 2022 983 2087 veluti
1033 2040 1226 2109 aegre
1273 2020 1705 2087 desideramus
1749 2022 2063 2087 vocabula
2109 2021 2309 2101 εἶδος,
2351 2019 2501 2101 ὕλη,
2545 2017 2717 2106 ὅρος,

513 2129 579 2190 τί
625 2130 792 2204 ἐστι,
835 2129 1122 2211 ἐνέργεια
1168 2124 1279 2203 al.,
1325 2134 1389 2190 et
1434 2124 1665 2193 adiecit
1710 2124 1847 2202 alia,
1903 2147 2170 2211 quorum
2216 2138 2326 2193 aut
2367 2124 2572 2191 nullus
2618 2134 2717 2191 est

516 2240 627 2295 aut
672 2228 1011 2293 admodum
1059 2232 1322 2313 exiguus
1367 2231 1432 2292 in
1478 2231 1679 2313 prima
1718 2227 2130 2315 philosophia
2168 2252 2335 2308 usuS,
2377 2228 2574 2296 veluti
2609 2250 2722 2292 xo-

515 2328 737 2417 λοβός,
782 2328 1105 2408 διάθεσις,
1152 2332 1316 2414 ἔχειν
1360 2331 1440 2396 al.
1527 2334 1612 2396 Et
1658 2336 1920 2399 omnino
1970 2336 2024 2396 si
2069 2338 2207 2419 quis
2251 2332 2726 2409 vocabulorum,

519 2459 787 2525 quorum
833 2459 1015 2503 usum
1063 2438 1322 2522 exponit
1352 2435 1746 2515 Aristoteles,
1788 2436 1895 2502 vel
1942 2435 2253 2506 delectum
2293 2437 2399 2502 vel
2436 2435 2727 2504 ordinem

517 2542 598 2607 ad
645 2552 879 2606 certam
928 2539 1238 2627 quandam
1286 2539 1493 2628 legem
1541 2539 1779 2604 referre
1825 2544 2201 2626 susceperit,
2245 2562 2508 2628 operam
2553 2540 2731 2606 vide-

517 2658 623 2712 tur
665 2645 969 2733 perdere3
1026 2645 1176 2730 quid
1224 2643 1398 2730 quod
1447 2646 1633 2709 etiam
1680 2642 2074 2732 singulorum
2119 2645 2580 2714 vocabulorum
2625 2665 2730 2710 ex·-

518 2750 778 2837 plicatio
840 2747 1206 2834 disputandi
1262 2748 1614 2816 subtilitate
1673 2746 1871 2836 longe
1918 2758 2012 2814 est
2058 2758 2122 2813 et
2163 2749 2447 2835 physicis
2493 2759 2558 2814 et
2598 2770 2731 2813 me-.

520 2855 866 2939 taphysicis
913 2852 1095 2916 libris
1141 2843 1407 2917 inferior
1435 2853 1518 2932 ¹).
1568 2890 1648 2902 —
1710 2853 1931 2937 Itaque
1983 2855 2275 2938 suspicor
2319 2851 2729 2920 Aristotelem

518 2959 646 3022 hoc
703 2960 769 3021 iu
825 2956 993 3021 libro
1053 2955 1212 3020 nihil
1264 2954 1435 3020 aliud
1482 2958 1616 3024 nisi,
1653 2959 2052 3042 congessisse
2095 2959 2497 3024 usitatissima
2542 2977 2734 3042 quae-

520 3062 666 3127 dam
711 3060 1040 3137 vocabula,
1087 3059 1263 3125 nulla
1310 3069 1478 3124 certa
1525 3062 1776 3124 ratione
1821 3058 2077 3126 ductum
2120 3081 2329 3146 neque
2373 3063 2439 3124 in
2475 3059 2731 3128 delectu

522 3188 730 3252 neque
776 3168 844 3230 in
889 3164 1120 3229 ordine
1163 3162 1589 3241 instituend0,
1650 3174 1713 3228 et
1756 3163 1925 3230 bunc
1979 3167 2496 3232 commentarium
2552 3182 2735 3228 seor-

521 3274 637 3335 sim
682 3272 1009 3358 scripsisse
1069 3278 1140 3333 ut
1196 3289 1403 3353 neque
1449 3289 1589 3331 cum
1635 3266 1919 3353 physicis
1963 3289 2173 3354 neque
2218 3291 2356 3336 cum
2401 3267 2734 3352 metaphy-

523 3376 675 3446 sicis
728 3373 906 3437 libris
964 3376 1199 3439 artiore
1245 3372 1519 3457 quodam
1570 3382 1868 3438 contextu
1914 3373 2305 3438 cohaereret.
2350 3410 2439 3422 —-
2492 3370 2606 3436 De.
2641 3369 2736 3434 al·

522 3488 665 3542 tero
698 3479 905 3562 capite
939 3475 1082 3539 libri
1114 3475 1185 3553 A,
1217 3476 1390 3560 quod
1422 3478 1579 3561 ipsis
1610 3475 1823 3542 verbis
1855 3479 2136 3542 conciuit
2165 3497 2305 3541 cum
2335 3476 2529 3561 Phys.
2560 3474 2636 3553 11,
2667 3476 2733 3552 3,

525 3580 759 3646 dictum
806 3588 903 3644 est
945 3582 1012 3643 in
1059 3581 1532 3644 commentario.
2165 3643 2170 3648 ,

654 3686 783 3748 Iam
842 3686 1103 3748 semotis
1163 3704 1237 3746 ex
1291 3702 1490 3768 opere
1537 3684 1973 3776 metaphysica
2019 3685 2115 3752 his
2163 3682 2416 3751 duobus
2462 3682 2635 3750 libris
2681 3705 2733 3752 α

525 3799 589 3853 et
618 3789 707 3864 A‚·
736 3785 1090 3852 accedimus
1126 3785 1207 3850 ad
1243 3785 1470 3854 librum
1506 3787 1569 3852 Ι.
1645 3786 1743 3852 lbi
1790 3787 2104 3873 explicato.
2150 3790 2334 3854 vario
2363 3808 2498 3866 usu,
2541 3808 2734 3872 quem

526 3891 905 3958 vocabulum
961 3891 1219 3956 unitatis
1273 3889 1535 3968 habeat,
1595 3889 2022 3976 philosophus
2079 3912 2241 3976 quae
2300 3893 2382 3956 sit
2431 3894 2733 3982 princeps

527 3999 661 4061 eius
704 3997 889 4060 notio
935 3995 1606 4080 investigau..eamque
1647 3992 1954 4086 adversus
1983 3994 2234 4080 ,placita
2254 3993 2737 4064 Platonicorum

528 4109 592 4164 et
621 4099 1173 4184 Pythagoreorum
1206 4105 1438 4163 tuetur.
1503 4097 1764 4166 Deinde
1808 4101 2136 4166 notionem
2182 4100 2446 4166 unitatis
2485 4121 2603 4185 per
2631 4121 2738 4166 cas

606 4321 816 4395 -ocf,
854 4307 982 4397 uuae
1017 4325 1251 4378 adnotavi
1282 4326 1431 4382 adA
1472 4344 1517 4382 1.
1561 4342 1587 4381 4
1627 4328 1688 4379 al.
