3043 4973
1127 270 1203 337 Z
1251 264 1360 340 12.
1446 266 1713 341 1038a.
2382 269 2523 344 345

311 443 634 506 minentur
677 435 803 521 (τὰ
848 440 984 522 εἴδη
1032 445 1169 507 καὶ
1212 438 1298 507 τὰ
1335 451 1624 528 στοιχεῖα
1663 448 1772 524 α7,
1817 455 1977 531 part.
2018 447 2132 510 καί
2171 446 2525 533 explicandi

313 545 511 610 babet
538 548 685 625 vim,
723 546 799 610 cf.
823 547 1051 610 Waitz
1082 547 1244 635 Org.
1269 548 1393 626 ‚93⁶
1417 549 1556 629 26),
1597 548 1885 635 exemplo
1919 547 2270 628 illustravit,
2306 559 2525 637 exsp‘e-
2579 555 2583 559 ’

313 659 447 713 ctes
481 650 585 713 Ar.
632 653 699 714 in
745 649 1013 737 apodosi
1053 650 1457 729 concludere,
1501 664 1842 738 propterea
1881 674 2083 740 genus
2125 662 2189 717 et
2228 652 2526 718 differen-

312 754 434 816 tias
483 756 656 818 coire
703 758 766 819 in
813 758 1136 833 unitatem,
1184 755 1260 818 cf.
1305 756 1392 819 H
1428 759 1499 831 63
1552 767 1617 821 at
1660 755 2052 821 subiunctam
2100 760 2316 842 potius
2361 758 2525 822 hanc

311 855 584 944 legimus
640 858 987 944 apodosin:
1046 853 1341 948 φανερὸν
1398 853 1499 923 ὅτι
1559 857 1595 924 ὁ
1655 856 1928 947 ὁρισμός
1977 865 2153 924 ἐστιν
2199 857 2234 925 ὁ
2282 865 2361 925 ἐκ
2395 863 2525 926 τῶν

311 960 656 1050 διαφορῶν
693 958 890 1047 λόγος
926 965 1035 1027 «18.
1114 965 1421 1027 Nimirum
1470 985 1658 1048 quum
1707 985 1910 1051 genus
1958 962 2039 1027 ad
2090 967 2388 1028 materiae
2429 964 2524 1030 lo-

311 1085 454 1128 cum
512 1064 882 1151 depressum
942 1064 1333 1130 definitionis
1393 1069 1621 1130 unitati
1681 1089 1813 1132 non
1859 1069 2066 1153 possit
2106 1068 2311 1132 videri
2357 1067 2525 1132 obsi-

309 1177 499 1245 stere,
547 1178 921 1254 quaerentes
970 1169 1050 1234 de
1097 1171 1215 1233 hac
1256 1174 1543 1235 notionis
1591 1174 1832 1235 unitate
1877 1174 2063 1236 unice
2105 1171 2184 1235 ad
2226 1170 2524 1236 differen-

308 1274 433 1336 tias
482 1271 850 1338 debebimus
892 1273 1251 1350 attendere3
1301 1295 1408 1338 eas
1448 1277 1501 1338 si
1542 1273 1621 1339 ad
1664 1278 1963 1339 unitatem
2000 1278 2391 1361 potuerimus
2429 1298 2524 1340 re-

311 1374 567 1463 digere,
628 1380 915 1462 quaestio
974 1377 1185 1442 soluta
1241 1386 1353 1441 est.
1444 1376 1656 1463 Atque
1712 1389 1781 1442 ut
1826 1400 2051 1442 unam
2097 1377 2524 1444 differentiam

309 1489 627 1566 tamquam
672 1480 936 1545 formam
993 1484 1217 1568 generi
1260 1489 1489 1566 utpote
1531 1485 1830 1545 materiae
1874 1481 2338 1570 adiungendam
2384 1505 2523 1549 esse

308 1582 571 1663 doceat,
632 1582 789 1648 duas
849 1582 1181 1672 distinguit
1230 1587 1514 1649 notionis
1559 1607 1678 1670 per
1723 1583 2098 1651 divisionem
2146 1586 2523 1653 efficiendae

306 1690 611 1767 rationeS,
655 1691 979 1774 propriam
1024 1710 1100 1752 ac
1141 1690 1494 1774 primariam
1543 1686 1819 1766 alteram,
1865 1688 2122 1754 alteram
2169 1692 2524 1757 accidenta-

306 1790 452 1870 lem,
497 1789 579 1855 de
617 1803 777 1878 part.
820 1814 919 1857 an.
957 1793 987 1856 1
1021 1794 1082 1870 2,
1120 1793 1180 1855 3.
1240 1793 1358 1857 An.
1396 1802 1563 1879 post.
1598 1793 1657 1857 11
1697 1794 1799 1857 13.
1838 1795 1962 1859 97a
1989 1796 2092 1858 12.
2160 1796 2313 1860 Non
2354 1795 2521 1877 licet,

308 1898 399 1959 ait
442 1899 550 1974 119,
596 1895 707 1960 ubi
755 1895 1195 1960 descendimus
1244 1918 1279 1959 a
1326 1918 1569 1962 summo
1616 1906 1856 1985 genere
1903 1896 1984 1960 ad
2027 1897 2361 1978 inferiora,
2408 1899 2524 1964 dif-

308 1998 614 2064 ferentias
671 2003 1031 2086 promiscue
1090 1997 1421 2078 adhibere,
1480 2000 1595 2064 sed
1644 2001 1742 2064 δεῖ
1786 2001 2196 2087 διαιρεῖσθαι
2240 1996 2361 2082 τὴν
2405 2006 2524 2083 τῆς

308 2104 647 2192 διαφορᾶς
702 2098 1067 2192 διαφοράν,
1123 2103 1324 2168 veluti
1380 2107 1447 2168 in
1503 2103 1795 2190 exemplo
1853 2106 2125 2170 bominis
2172 2106 2526 2172 definiendi

308 2210 366 2271 si
414 2211 551 2293 quis
599 2228 860 2271 exorsus
906 2230 942 2271 a
989 2229 1231 2272 summo
1280 2230 1536 2295 genere,
1592 2207 1864 2287 animali,
1910 2209 1990 2273 ad
2034 2214 2400 2296 proximum,
2444 2205 2524 2277 τὸ

307 2306 610 2376 ὑπόπουν
654 2310 851 2394 ζῷον,
911 2309 1338 2389 descenderit,
1396 2307 1599 2376 πάλιν
1653 2313 1774 2377 τοῦ
1815 2308 1984 2395 ζῴου
2023 2310 2360 2391 ὑπόποδος
2401 2308 2526 2396 τὴν

309 2409 651 2503 διαφορὰν
688 2415 788 2479 δεῖ
821 2414 1127 2480 διελεῖν
1162 2405 1202 2504 ᾗ
1235 2411 1533 2480 ὑπόπουν
1571 2417 1724 2480 alo.
1791 2417 2064 2497 (διελεῖν
2102 2422 2268 2482 enim
2307 2418 2525 2507 legen-

310 2519 463 2584 dum
511 2540 651 2583 esse
697 2540 817 2605 pro
862 2516 1035 2605 vulg.
1086 2518 1323 2582 εἰδέναι
1368 2528 1433 2582 et
1474 2529 1742 2605 propter
1783 2511 2115 2606 superiora
2152 2523 2366 2600 verba,
2414 2525 2524 2602 a9,

309 2622 653 2709 probabile
701 2634 797 2687 est
842 2633 907 2687 et
951 2620 1361 2686 confirmatur
1400 2626 1774 2688 auctoritate
1806 2624 2147 2689 Alexandri
2182 2650 2244 2712 p.
2277 2626 2424 2704 490,
2461 2629 2522 2692 5.

314 2726 679 2813 Asclepium
724 2747 878 2790 sane
924 2725 1091 2790 idem
1139 2728 1261 2788 iam
1306 2727 1374 2788 in
1418 2734 1593 2789 textu
1637 2727 1931 2792 babuisse
1970 2728 2143 2814 quod
2181 2749 2352 2793 nunc
2386 2728 2525 2794 vul-

299 2841 519 2919 gatur,
560 2853 635 2894 ex
667 2834 801 2894 eius
834 2832 1287 2894 commentario
1323 2832 1753 2916 cognoscitur,
1786 2831 1863 2895 cf.
1896 2831 2039 2896 cod.
2070 2833 2251 2898 Mon.
2281 2835 2413 2898 298
2426 2840 2526 2916 a.)

311 2934 520 2999 Aliter
545 2928 598 2999 si
627 2937 763 3020 quis
791 2935 1135 2998 instituerit
1157 2936 1411 3020 generis
1445 2933 1837 3014 divisionem,
1868 2946 1937 3000 ut
1968 2935 2389 3002 accidentales
2418 2937 2524 3002 ad-

311 3042 542 3103 sciscat
586 3037 988 3102 differentiae
1034 3037 1447 3117 differentiae,
1492 3061 1611 3124 per
1645 3042 2068 3126 ignorantiam
2104 3062 2295 3105 verae
2333 3045 2526 3106 ratio-

310 3145 412 3207 nis
459 3141 526 3206 id
571 3142 799 3206 fecisse
844 3140 1161 3227 putandus
1210 3153 1333 3220 est,
1381 3134 1551 3205 ἄλλα
1600 3137 1709 3206 διὰ
1751 3137 1828 3206 τὸ
1876 3138 2223 3207 ἀδυνατεῖν
2265 3140 2526 3224 ποιήσει

312 3246 510 3311 τοῦτο
552 3248 705 3310 1²13.
775 3246 947 3309 Iusta
988 3254 1195 3309 autem
1235 3248 1484 3310 ratione
1520 3268 1706 3330 quum
1747 3244 2036 3308 diviseris
2075 3268 2375 3310 summum
2414 3269 2525 3334 ge-

312 3371 434 3414 nus
495 3360 558 3414 et
616 3349 1021 3414 descenderis
1078 3372 1281 3435 usque
1340 3349 1420 3413 ad
1477 3370 1583 3429 eas
1632 3348 2054 3428 differentias,
2113 3372 2275 3436 quae
2321 3350 2525 3414 dirimi

315 3452 588 3539 amplius
622 3464 950 3539 nequeunt
987 3445 1111 3532 (τοὶ
1146 3448 1488 3543 ἀδιάφορα
1530 3455 1720 3531 016),
1765 3456 2049 3539 proxima
2087 3476 2373 3540 quaeque
2410 3453 2527 3518 dif-

312 3557 582 3621 ferentia
630 3561 990 3643 superiores
1037 3558 1103 3620 in
1149 3577 1218 3619 se
1267 3559 1568 3636 continet,
1613 3566 1684 3621 ut
1720 3579 1824 3621 eas
1862 3560 2114 3643 saepius
2155 3580 2525 3623 enumerare

312 3661 472 3725 nihil
521 3665 802 3738 attineat,
857 3671 1045 3746 atque
1090 3663 1157 3723 in
1204 3669 1477 3724 extrema
1527 3660 1886 3726 differentia
1930 3665 2068 3747 ipsa
2114 3666 2391 3727 cernitur
2433 3665 2527 3726 rei

313 3764 683 3830 substantia.
773 3766 1002 3831 Unitas
1059 3765 1252 3851 igitur
1309 3767 1592 3830 notionis
1653 3775 1821 3830 extra
1883 3787 2131 3831 omnem
2185 3764 2527 3831 dubitatio·

311 3890 459 3934 nem
504 3873 715 3955 posita
763 3879 874 3934 est.
948 3867 1064 3933 Sin
1111 3867 1189 3930 ab
1234 3869 1352 3932 bac
1397 3867 1720 3933 dividendi
1766 3872 2019 3933 ratione
2055 3869 2420 3934 discesseris
2461 3882 2527 3936 et

314 3972 399 4036 ad
437 3971 947 4059 distinguendam
987 3969 1408 4035 differentiam
1447 3972 1760 4056 quandam
1800 3972 2070 4037 fortuito
2111 3967 2324 4052 (κατα
2362 3994 2525 4059 συμ-

311 4070 600 4160 βεβηκός
635 4078 809 4156 1126)
856 4074 1010 4139 alias
1053 4073 1410 4153 adsciveris,
1458 4075 1684 4161 quibus
1726 4096 1858 4139 non
1896 4079 2033 4161 ipsa
2076 4075 2184 4140 illa
2225 4076 2526 4142 differen-

313 4182 402 4244 tia
450 4178 888 4269 distinguatur,
937 4191 1066 4243 tum
1107 4201 1259 4242 sane
1303 4182 1485 4243 notio
1534 4202 1608 4243 ex
1655 4189 1751 4243 tot
1799 4183 2146 4266 composita
2188 4183 2308 4246 erit
2346 4180 2526 4245 diffe-

311 4286 554 4363 rentiiS,
600 4287 851 4370 quoties
891 4282 1261 4362 distinxeriS,
1306 4284 1418 4349 καὶ
1459 4278 1706 4349 τούτων
1751 4287 1866 4365 τῆς
1907 4286 2283 4360 τελευταίας
2318 4280 2525 4350 κατά

312 4410 396 4473 γε
442 4382 530 4452 τὸ
578 4381 849 4475 ὀρθόν
889 4389 1057 4465 1130,
1104 4389 1143 4451 i.
1179 4408 1231 4451 e.
1280 4390 1334 4452 si
1379 4397 1614 4453 rectam
1660 4388 1830 4454 illam
1878 4399 1941 4455 et
1984 4391 2307 4475 propriam
2352 4389 2525 4453 insti-
