3043 4973
1146 243 1254 311 M
1295 237 1361 310 4.
1446 237 1713 312 1078ὁ.
2388 236 2528 311 537

904 517 1022 573 11.
1101 513 1250 573 lm
1301 514 1657 587 unus,
1710 526 1763 569 c.
1796 506 1855 569 4.
1900 507 1960 570 5.

1150 675 1378 752 CAP.
1433 658 1564 749 IV.
1616 678 1706 750 V.

469 821 721 900 Quibus
760 819 1126 887 rationibus
1153 820 1353 887 Plato
1397 820 1703 885 inductus
1742 824 1845 898 sit,
1890 829 1961 885 ut
1997 819 2186 885 ideas
2222 844 2365 889 esse
2401 830 2533 889 sta·

328 935 556 1007 taceret,
598 927 800 992 10781»
829 926 1090 1006 7-32,
1137 924 1324 989 ideas
1363 944 1483 989 nec
1509 925 1857 1010 ponendas
1892 948 2035 989 esse
2069 949 2189 993 nec
2216 948 2343 1012 pre
2381 949 2533 993 cau-

328 1033 424 1097 ais
466 1029 797 1096 habendas
837 1053 1058 1095 rerum
1101 1028 1502 1093 sensibilium
1551 1065 1632 1079 -
1684 1029 1891 1095 10800
1927 1031 2030 1093 ll.

461 1152 665 1217 107811
695 1154 730 1215 7
768 1151 954 1234 περὶ
999 1184 1078 1199 --·
1120 1149 1208 1211 32
1243 1143 1950 1233 προσηγόρευσαν.
2021 1146 2411 1213 Platonicam
2452 1147 2532 1212 de

328 1252 486 1318 ideis
533 1253 887 1319 doctrinam
932 1256 1199 1339 primum
1243 1272 1359 1336 per
1409 1272 1481 1314 se
1538 1262 1834 1316 excutere
1890 1252 2187 1331 instituit,
2248 1252 2534 1317 nondum

327 1356 540 1422 habita
586 1360 837 1422 ratione
883 1377 1106 1421 eorum
1150 1374 1585 1432 numerorum,
1641 1354 1870 1440 quibus
1915 1355 2200 1421 idearum
2246 1368 2531 1422 naturam

328 1458 598 1526 definire
632 1462 754 1528 sibi
787 1460 1182 1537 videbantur,
1222 1456 1374 1523 ἀλλ’
1408 1456 1494 1533 ὡς
1532 1456 1869 1541 ὑπέλαβον
1905 1456 1973 1537 ἐξ
2008 1456 2215 1545 ἀρχῆς
2254 1465 2320 1525 οἱ
2357 1464 2532 1549 πρῶ-

326 1586 433 1631 τῠι
474 1564 597 1642 τὰς
636 1567 819 1643 ὶδέας
860 1559 1195 1656 φήσαντες
1239 1558 1404 1629 εἶναι
1439 1565 1591 1627 bll.
1681 1564 1934 1628 Etenim
1981 1584 2093 1628 eae
2139 1576 2535 1652 argumenta-

328 1671 555 1748 tiones,
600 1670 827 1755 quibus
867 1668 1162 1734 inductus
1194 1667 1379 1733 Plato
1425 1666 1604 1733 ideas
1647 1677 1960 1753 tamquam
1995 1667 2384 1733 substantias
2420 1691 2537 1755 per

330 1794 401 1837 se
446 1776 817 1840 exsistentes
869 1775 1109 1860 posuit,
1168 1776 1303 1838 sive
1362 1794 1435 1837 ex
1480 1774 1633 1859 ipsis
1681 1771 1964 1836 Platonis
2007 1771 2187 1837 libris
2231 1783 2560 1858 petuntur.

330 1881 464 1943 sive
512 1900 588 1943 ex
632 1878 1007 1956 Aristotele,
1060 1898 1282 1942 omnes
1330 1898 1408 1940 eo
1455 1879 1807 1963 pertinent,
1855 1886 1925 1940 ut
1968 1876 2177 1954 ideae,
2220 1880 2261 1942 i.
2297 1901 2351 1942 e.
2397 1898 2537 1965 spe-

330 1985 460 2046 cies
516 2002 729 2049 rerum
782 1979 1235 2058 immutabiles,
1292 2001 1629 2058 necvero
1676 1990 1747 2045 ut
1790 1984 2034 2046 numeri
2083 1980 2377 2046 absolute
2423 2004 2537 2068 po—

326 2097 579 2152 nantur.
652 2088 870 2174 ltaque
917 2097 982 2153 et
1024 2108 1139 2172 per
1184 2106 1253 2149 se
1290 2098 1789 2151 consentaneum
1828 2096 1923 2150 est
1958 2084 2037 2149 ab
2075 2088 2256 2150 initio
2287 2088 2538 2171 acquie-
2634 2157 2637 2160 ,

330 2192 500 2257 visse
531 2191 865 2258 Platonem
910 2196 975 2259 in
1022 2190 1342 2277 ponendis
1388 2189 1684 2256 ,absolute
1726 2189 1888 2254 ideis
1925 2211 2001 2252 ac
2027 2200 2253 2275 postea
2286 2190 2535 2256 demum

334 2316 447 2360 eos
492 2319 612 2382 per
656 2295 976 2385 singulare
1020 2295 1343 2381 quoddam
1390 2317 1797 2361 numerorum
1853 2315 2057 2382 genus
2109 2294 2537 2382 descripsisse,

332 2410 398 2465 et
442 2401 541 2465 his
584 2401 800 2466 verbis
844 2402 956 2465 Ar.
1004 2400 1441 2478 confirmatur,
1503 2420 1666 2486 quae
1718 2421 1829 2465 cur
1869 2402 2152 2464 incertae
2195 2399 2354 2465 fidei
2397 2423 2537 2467 esse

332 2516 618 2570 autumet
645 2505 858 2570 Zeller
885 2505 1046 2571 Plat.
1080 2506 1260 2571 Stud.
1303 2529 1365 2592 p.
1397 2507 1532 2571 240
1577 2525 1786 2591 neque
1830 2507 1968 2588 ipse
2013 2504 2398 2591 significavit
2430 2528 2536 2571 ne·-

334 2632 457 2696 que
503 2610 795 2695 equidem
841 2605 1126 2675 divinare
1172 2631 1452 2695 possum.
1504 2646 1584 2660 -
1644 2609 1950 2703 Origines
2005 2618 2214 2674 autem
2257 2608 2540 2675 Platoni-

334 2736 448 2778 eae
506 2713 836 2780 doctrinae
896 2737 971 2779 ex
1015 2713 1375 2778 Heraclitea
1438 2713 1606 2795 (1113
1661 2705 1737 2776 τὸ
1794 2714 2162 2793 πεισθῆναι
2215 2716 2363 2801 περὶ
2419 2715 2538 2794 τῆς

332 2814 665 2897 ἀληθείας
705 2826 845 2895 τοῖς
880 2816 1033 2904 ἶΗρ.
1080 2813 1328 2901 λόγοις,
1388 2820 1426 2880 i.
1467 2839 1519 2881 e.
1563 2809 1641 2881 τὸ
1699 2817 2066 2895 πεισθῆναι
2122 2825 2262 2893 τοῖς
2317 2813 2539 2902 λόγοις

226 2929 247 2946 ⁸
335 2920 423 2998 ὡς
478 2920 807 3002 ἀληθέσιν
865 2912 1090 3002 οὖσιν)
1148 2930 1213 2985 et
1256 2921 1585 2985 Socratica
1644 2920 1978 3007 disciplina
2035 2920 2302 3006 perinde
2348 2934 2538 3009 atque

242 3059 247 3068 ·
335 3027 394 3090 h.
424 3025 464 3089 l.
500 3030 604 3092 Ar.
635 3029 874 3113 repetit
896 3027 968 3091 A
991 3030 1052 3092 6.
1084 3027 1250 3093 9870
1275 3027 1620 3104 32-ὂ10,
1651 3025 1731 3091 cf.
1760 3028 1921 3091 M9.
1959 3027 2167 3091 IGSGG
2192 3029 2278 3092 35
2298 3030 2535 3095 -ὖΙΒ,

335 3132 431 3195 Ac
469 3123 820 3196 definiendi
858 3132 1109 3218 quidem
1149 3135 1451 3196 notiones
1488 3129 1762 3196 studium
1794 3130 2044 3195 Socrati
2079 3143 2389 3217 tamquam
2430 3155 2540 3220 pe-

336 3233 572 3298 culiare
631 3245 697 3299 et
751 3257 989 3300 novum
1035 3236 1140 3300 Ar.
1187 3236 1472 3301 tribuere
1516 3255 1652 3298 non
1704 3233 1974 3313 dubitat,
2033 3238 2175 3321 quia
2238 3258 2400 3321 quae
2457 3236 2539 3302 ad

338 3336 605 3402 eandem
649 3359 781 3403 rem
828 3341 1233 3405 Democritus
1281 3350 1346 3403 et
1390 3340 1785 3425 Pythagorei
1841 3337 2270 3417 contulerant,
2331 3344 2538 3428 exigui

336 3444 466 3507 sint
509 3446 714 3528 pretii,
761 3445 839 3507 cf.
887 3443 968 3508 de
998 3444 1373 3509 Democrito
1409 3442 1646 3507 Trend.
1697 3441 1779 3506 de
1817 3464 1917 3507 an.
1957 3467 2017 3528 p.
2048 3446 2198 3508 212.
2254 3445 2336 3509 de
2380 3457 2537 3532 part.

337 3567 438 3610 an.
474 3547 505 3611 1
545 3549 603 3611 1.
641 3549 809 3611 642a
835 3549 940 3613 26.
991 3549 1183 3633 Phys.
1214 3549 1277 3611 ΙΙ
1312 3549 1374 3612 2.
1414 3550 1579 3611 19411
1603 3548 1720 3622 20;
1768 3547 1848 3611 de
1879 3549 2303 3636 Pythagoreis
2340 3551 2417 3614 cf.
2458 3549 2540 3615 ad

335 3650 407 3716 Α
436 3652 499 3718 5.
531 3652 701 3716 9871:
727 3653 831 3716 20.
900 3652 1045 3732 (De
1078 3655 1553 3717 constructione
1582 3647 1988 3739 *grammatica
2029 3657 2347 3718 enunciati
2382 3657 2536 3720 ⁶17:

335 3752 746 3843 Σωκράτους
791 3756 859 3821 δὲ
904 3757 1040 3820 κτλ.
1089 3757 1166 3821 cf.
1201 3757 1362 3823 Obs.
1402 3782 1465 3844 p.
1499 3759 1647 3838 38.)
1721 3755 2130 3821 Definiendis
2173 3768 2380 3823 autem
2427 3780 2541 3823 no·

334 3860 622 3925 tionibus
668 3881 832 3946 opus
878 3860 1073 3925 fuisse
1116 3856 1437 3943 (εὐλόγως
1473 3863 1642 3940 b23)
1688 3861 1938 3925 Socrati
1974 3863 2075 3925 Ar.
2117 3862 2286 3940 dicit,
2332 3873 2406 3928 ut
2447 3886 2540 3927 ra-

336 3967 631 4029 tiocinari
662 3976 731 4029 et
764 3964 1149 4030 concludere
1185 3975 1419 4051 posset,
1463 3968 1610 4050 quia
1647 3964 2125 4031 conclusionum
2163 3968 2540 4054 principium

339 4091 377 4132 a
415 4067 793 4134 definitione
830 4068 1172 4156 petendum
1214 4073 1315 4148 sit,
1352 4071 1497 4147 b24,
1544 4069 1622 4133 cf.
1653 4069 1738 4133 de
1768 4092 1868 4133 an.
1899 4072 1929 4134 Ι
1964 4072 2023 4135 1.
2057 4072 2217 4136 4021>
2239 4073 2325 4137 25
2362 4082 2427 4136 et
2459 4070 2540 4134 ad

340 4173 403 4236 Z
425 4174 487 4237 9.
521 4174 730 4237 uma
750 4176 859 4239 31.
936 4173 1290 4239 Dialectica
1336 4172 1606 4258 quidem,
1652 4184 1877 4260 utpote
1922 4174 2312 4240 tentabunda
2348 4178 2539 4240 ratio-

338 4274 592 4340 cinandi
652 4286 715 4341 et
762 4277 1260 4366 philosophandi
1304 4281 1467 4344 ratio
1516 4279 1635 4361 (cf.
1680 4277 1759 4344 ad
1801 4279 1870 4344 B
1910 4282 1945 4342 l
1991 4281 2197 4357 init),
2257 4278 2538 4343 nondum

314 4383 673 4469 *proposita
733 4380 994 4448 alioeius
1052 4387 1146 4449 rei
1206 4386 1474 4449 notione
1533 4388 1598 4448 in
1659 4395 1986 4468 utramque
2042 4392 2284 4468 partem
2339 4381 2419 4446 de
2468 4403 2540 4446 ea
