3043 4973
24 2483 31 3285 ——-——-—-
24 1585 29 2416 -—-—-——-———-.-.—-.
24 1511 25 1570 ᾼ

1159 254 1231 324 Β
1279 250 1348 323 ’2.
1425 251 1654 327 997α.
2371 257 2507 333 145

422 426 602 488 997⁶
645 427 725 489 ll
776 421 987 490 ἀλλὰ
1030 421 1187 509 μὴν
1236 464 1316 478 -
1367 429 1451 493 15
1496 431 1633 493 καὶ
1680 423 1768 494 τὸ
1812 432 2129 515 ψεῦδος.
2222 433 2509 501 Antithe-

293 529 378 591 sis
424 526 899 613 disputationis
977 530 1092 594 Sin
1139 529 1450 596 diversam
1497 536 1792 597 statueris
1836 535 2291 620 principiorum
2336 538 2508 606 idea-

290 631 441 695 lium
488 634 927 719 cognitionem
974 655 1011 697 a
1056 637 1435 721 cognitione
1485 621 1777 714 realium,
1836 648 1973 701 utra
2031 642 2118 702 sit
2168 645 2408 726 potior-2
2443 654 2510 708 et

288 756 401 799 sua
438 746 665 799 natura
700 738 882 821 prior
917 740 1255 821 quaeritur.
1317 739 1515 803 Sicuti
1555 743 1717 804 enim
1754 763 1992 805 summa
2027 746 2335 829 principia
2372 765 2507 810 rea-

290 837 370 902 lia
410 838 494 901 ad
538 842 712 903 entia
754 841 965 904 omnia
1000 851 1291 925 spectant
1338 862 1684 928 eorumque
1730 865 1962 910 causae
2001 857 2182 925 sunt,-
2209 851 2298 912 ita
2335 847 2507 914 idea·

290 941 372 1004 lia
409 945 725 1028 principia
766 946 1119 1008 communia
1154 955 1304 1008 sunt
1339 950 1514 1009 omni
1550 950 1906 1034 cognitioni
1941 953 2272 1035 omnisque
2301 956 2506 1017 scien·

286 1048 412 1108 tiae
448 1065 701 1109 causam
735 1050 1084 1112 continent.
1159 1047 1318 1112 Inde
1365 1059 1431 1112 et
1475 1059 1614 1112 ntra
1661 1051 1743 1114 sit
1788 1054 2005 1137 potior
2044 1063 2108 1117 et
2143 1056 2247 1117 cui
2289 1058 2503 1139 potius

286 1169 472 1233 quam
511 1150 717 1234 primo
756 1150 1145 1237 philosopho
1186 1152 1352 1216 hanc
1388 1154 1713 1242 scientiam
1755 1154 2012 1234 tribuae,
2050 1154 2308 1222 dubium
2351 1169 2465 1223 est.

807 1340 1125 1418 Quaestio
1170 1347 1386 1410 tertia.
1477 1346 1650 1409 997ae
1688 1347 1989 1412 15—25.

415 1459 628 1521 Prima
668 1462 1045 1544 quaestione
1083 1460 1430 1548 disputavit
1466 1471 1618 1527 'num
1652 1468 1862 1530 omnia
1901 1486 2224 1530 causarum
2262 1487 2501 1553 genem

285 1560 507 1625 eadem
546 1564 809 1626 scientia
849 1576 1423 1651 cognoscerentun
1461 1570 1584 1631 iam
1623 1573 1868 1652 quaerit
1903 1578 2106 1633 utrum
2145 1574 2354 1633 omnia
2390 1591 2500 1657 ge·

283 1687 439 1729 nera
500 1668 664 1729 entis
722 1688 797 1730 ex
856 1667 1075 1734 eadem
1136 1672 1401 1734 scientia
1446 1691 1755 1756 suspensa
1800 1671 1931 1736 sint
1974 1693 2195 1736 necne.
2287 1672 2498 1758 Atque

282 1769 567 1834 eiusdem
628 1770 834 1834 videri
893 1774 1198 1838 scientiae
1251 1795 1394 1838 esse
1441 1776 1650 1838 omnia
1698 1795 2090 1861 cognoscere
2134 1797 2341 1840 rerum
2388 1799 2498 1864 ge-

280 1894 438 1937 nera
487 1874 867 1959 comprobat
912 1875 1139 1941 eodem
1186 1898 1337 1943 usus
1382 1888 1787 1963 argumento,
1845 1899 1972 1964 quo
2031 1881 2096 1942 in
2154 1883 2499 1965 superiori-

281 1977 431 2054 bus»,
492 1981 792 2061 quoniam
845 1984 897 2042 si
943 1992 1224 2064 ponatur
1268 2000 1402 2043 non
1448 2002 1590 2044 esse
1636 1982 1945 2058 eiusdem,
2005 1981 2322 2047 dubitatio
2371 1987 2497 2047 ori-

280 2092 426 2145 tura
473 2085 576 2157 sit,
618 2084 685 2145 in
732 2103 859 2166 quo
898 2086 1293 2168 potissimum
1328 2107 1571 2173 genere
1607 2089 1769 2150 entis
1802 2095 2093 2150 versetur
2125 2090 2327 2171 prima
2362 2088 2497 2172 phi-

279 2184 600 2269 losophin,
640 2187 794 2262 016,
840 2187 939 2250 17.
1007 2191 1091 2252 At
1133 2191 1404 2256 vicissim
1451 2210 1587 2254 non
1631 2189 1836 2253 videri
1882 2207 2070 2253 unam
2117 2209 2257 2254 esse
2301 2213 2494 2276 posse

281 2290 566 2352 omnium
617 2291 779 2352 eutis
824 2309 1131 2377 generum
1179 2294 1503 2356 scientiam
1552 2314 1628 2357 ea
1673 2290 1936 2357 conficit
1977 2296 2254 2370 ratione,
2302 2294 2492 2378 quod,

278 2393 331 2454 si
378 2392 507 2454 hoc
552 2402 861 2476 ponatur,
906 2393 1061 2458 inde
1107 2413 1506 2480 consequens
1552 2399 1661 2475 sit,
1721 2406 1793 2459 ut
1837 2399 2021 2458 etiem
2069 2400 2348 2461 omnium
2393 2419 2494 2460 ac·-

278 2494 656 2574 cidentium,
716 2517 878 2582 quae
932 2500 1279 2586 generibus
1337 2504 1500 2566 entis
1557 2521 1675 2586 per
1730 2520 1802 2563 se
1859 2499 2178 2578 accidant,
2236 2522 2359 2565 una
2413 2504 2495 2564 sit

278 2602 575 2675 scientim
634 2600 809 2684 qnod
863 2622 1056 2687 quum
1112 2600 1252 2667 fieri
1311 2624 1444 2668 non
1500 2623 1698 2688 posse
1751 2622 1870 2688 pro
1919 2622 2228 2669 concesso
2274 2615 2492 2682 sumat,

279 2702 433 2767 inde
477 2722 565 2767 ne
611 2702 773 2768 illud
818 2703 1072 2788 quidem
1114 2724 1335 2775 ,vorum
1385 2729 1544 2784 esse,
1591 2704 1760 2771 unde
1804 2706 2132 2791 profectus
2178 2706 2303 2770 hoc
2342 2726 2493 2777 con—
2593 2778 2604 2786 .

280 2805 482 2884 clusit,
530 2808 923 2892 comprobat.
998 2808 1071 2872 Id
1117 2830 1274 2875 vero
1321 2811 1560 2876 diserte
1606 2808 1890 2896 explicat,
1944 2830 2071 2887 cnr,
2116 2813 2167 2873 si
2214 2823 2493 2895 ponatur

278 2931 402 2974 una
446 2913 733 2995 ipsorum
778 2929 1082 2997 generum
1129 2918 1292 2978 entis
1337 2920 1620 2993 scientia,
1666 2932 1791 2978 una
1834 2916 1982 2977 item
2024 2917 2107 2977 sit
2141 2913 2353 2978 futura
2393 2936 2493 2977 ac-

275 3013 623 3078 cidentium
659 3035 779 3099 per
811 3036 881 3079 se
916 3018 1200 3081 scientia.
1272 3019 1621 3104 Quaelibet
1647 3020 1927 3094 scientia,
1962 3016 2028 3081 id
2063 3016 2238 3101 quod
2271 3016 2489 3101 paullo

268 3138 467 3202 supra
510 3117 753 3181 dietum
800 3129 897 3183 est
937 3120 1056 3197 σθ,
1113 3123 1180 3184 in
1238 3142 1477 3209 genere
1524 3120 1800 3207 quodam
1847 3119 2305 3207 cognoscendo
2351 3138 2490 3182 ver-

274 3233 479 3298 satur,
540 3224 649 3285 cui'
700 3238 860 3306 quae
919 3222 1209 3289 accidant
1252 3229 1602 3311 investigat
1652 3225 1942 3309 profecta
1999 3218 2079 3285 ab
2135 3224 2486 3285 axiomatis.

274 3326 476 3410 Igitur
536 3323 619 3387 de
676 3346 808 3389 uno
866 3336 1055 3411 atque
1110 3328 1338 3392 eodem
1391 3348 1629 3414 genere
1677 3326 2028 3395 accidentia
2074 3325 2488 3410 contemplari

276 3433 467 3492 unius
501 3433 624 3492 erit
657 3431 974 3508 scientiae,
1012 3452 1174 3516 quae
1209 3431 1655 3517 proficiscatur
1686 3431 1768 3495 ab
1797 3424 2020 3494 iisdem
2049 3428 2490 3515 cognoscem}

273 3534 638 3617 principiis,
695 3536 764 3595 ἐκ
821 3535 950 3597 τῶν
999 3537 1236 3600 κοινῶν
1280 3534 1518 3614 δοξῶν,
1569 3535 1657 3597 cf.
1704 3533 1785 3597 ad
1815 3535 1996 3598 996⁶
2028 3533 2134 3596 28.
2223 3533 2388 3596 Nam
2435 3535 2488 3595 si

276 3638 463 3698 unius
507 3646 604 3698 est
638 3638 938 3700 scientiae
977 3637 1131 3723 quid
1170 3642 1251 3703 sit
1293 3656 1395 3701 res
1443 3654 1856 3724 cognoscere,
1904 3638 2087 3701 unius
2131 3638 2319 3698 etiam
2369 3636 2490 3699 erit

276 3741 590 3803 axiomata
624 3759 1021 3825 cognoscere
1052 3762 1125 3805 ex
1156 3742 1388 3827 quibus
1419 3740 1529 3804 illa
1561 3762 1663 3804 res
1692 3739 1987 3825 pendeat,
2015 3740 2166 3801 ’sive
2199 3739 2355 3801 haec
2387 3750 2489 3801 en⁴

277 3841 421 3905 dem
469 3853 568 3906 est
609 3845 873 3906 scientia
919 3847 1055 3909 sive
1096 3845 1376 3918 diversa3
1425 3843 1596 3908 unde
1634 3852 1899 3928 apparet
1935 3844 2122 3906 unius
2159 3844 2309 3904 item
2347 3842 2490 3904 fore

277 3949 582 4010 scientiae
630 3967 705 4009 ea
753 3967 1147 4034 cognoscere
1191 3948 1575 4024 accidentia,
1634 3968 1794 4030 quae
1839 3949 1932 4010 rei
1978 3943 2069 4008 illi
2115 3947 2488 4030 propositae

276 4070 395 4134 per
437 4073 509 4116 se
555 4051 929 4114 inhaereant
971 4046 1175 4127 (ὥστε
1219 4053 1332 4116 καὶ
1367 4043 1451 4114 τὰ
1492 4042 2110 4130 συμβεβηκόταῑυῑξ
2140 4048 2492 4130 θεωρῆσαι

272 4156 432 4237 μιᾶς
474 4157 734 4233 ἔσται),
792 4156 928 4217 sive
972 4157 1151 4239 ipsae
1194 4154 1344 4218 iliae
1391 4150 1749 4230 doctrinae,
1807 4168 1972 4237 quae
2026 4154 2093 4219 in
2138 4151 2486 4217 substantia

272 4259 369 4319 rei
414 4261 679 4343 eiusque
725 4259 1051 4343 principiis
1097 4257 1412 4322 idealibus
1458 4265 1819 4332 versantur,
1875 4256 2001 4319 huc
2047 4257 2246 4318 ‘etium
2298 4256 2489 4339 perti-

272 4370 456 4439 nent,
517 4356 631 4424 εἴτ’
673 4358 870 4427 αὐταὶ
916 4358 1317 4448 θεωροῦσιν,
1367 4362 1501 4424 sive
1546 4361 2011 4425 haecscientiu
2055 4376 2360 4442 suspensa
2405 4354 2492 4418 ab

360 4466 570 4519 Aristot.
598 4466 818 4536 metaph.
845 4467 924 4518 ed.
951 4466 1132 4518 Bonitz
1156 4466 1270 4519 Vol.
1295 4467 1357 4517 H.
2021 4464 2089 4514 10
