3043 4973
500 253 648 329 528
1310 261 1419 328 M
1454 254 1530 327 2.
1611 254 1882 328 1076&

502 443 639 497 etas
680 431 763 495 ab
802 432 903 496 bis
946 435 1267 496 exsiste-e.
1340 433 1521 496 Haec
1553 432 1892 496 manifesto
1923 430 2214 496 Platonis
2255 442 2354 495 est
2395 429 2710 511 doctrina,

502 559 689 623 quem
730 536 837 600 Ar.
880 557 986 599 res
1026 535 1781 600 anathemem-nodia
1825 557 1968 599 esse
2009 538 2180 598 inter
2221 556 2328 597 res
2369 534 2709 603 sensibiles

502 652 571 705 et
612 639 791 704 ideas
838 639 995 704 dicit
1038 642 1351 716 munisse,
1392 640 1474 702 d.
1504 638 1589 703 ad
1627 641 1691 702 Α
1719 642 1781 704 7.
1809 641 1975 704 96Ίῦ
1999 641 2117 711 14ς
2163 637 2334 701 illan
2377 660 2514 703 non
2559 662 2711 725 per-

502 743 656 808 inde
696 754 955 820 eertum,
996 743 1113 807 sed
1154 742 1494 828 probabile
1537 754 1748 806 tamen
1785 755 1886 806 est
1911 742 2388 806 Platonicorum
2428 764 2713 828 quorun-

502 847 1245 923 damessesententiam,
1289 845 1960 911 etadsszmz
2033 847 2472 910 Neon-aratio
2509 850 2714 933 sipo-

502 955 699 1016 tuerit
734 950 1011 1037 probari,
1042 973 1149 1015 res
1182 950 1658 1014 mathematicae
1691 949 2052 1014 censendae
2087 960 2276 1015 erunt
2303 962 2414 1015 ant
2441 954 2710 1015 omnino

505 1075 641 1119 non
684 1076 828 1119 esse
868 1064 981 1120 aut
1022 1055 1149 1119 alia
1193 1075 1335 1118 esse
1378 1056 1647 1117 ratione.

1402 1309 1635 1384 CAP.
1699 1309 1798 1382 11.

638 1458 717 1535 a)
770 1453 913 1519 Bes
964 1452 1459 1518 ‘efficantias
1498 1476 1634 1517 non
1673 1456 1891 1518 inesse
1929 1465 2264 1541 tanqua-
2310 1451 2716 1518 cubula-tias

506 1570 661 1625 adn
702 1560 1085 1623 mbae-tes
1124 1558 1319 1623 reb-s
1360 1557 1790 1637 sensibilibus,
1836 1559 2421 1624 1076138—111.

640 1677 875 1741 Tribus
916 1680 1115 1742 utitur
1150 1677 1233 1741 ad
1272 1678 1399 1742 hoe
1433 1677 1980 1763 comprobandum
2015 1681 2424 1765 argumentis
2469 1698 2546 1742 ex
2579 1679 2716 1762 qui·

505 1782 626 1846 bns
670 1781 833 1858 dno,
886 1802 1053 1866 quae
1094 1784 1162 1845 in
1204 1784 1519 1867 principio
1561 1786 1775 1866 ponit,
1823 1786 1948 1846 iam
1991 1785 2062 1846 in
2101 1781 2272 1845 libro
2319 1781 2418 1859 B,
2459 1786 2532 1845 ἐν
2575 1788 2716 1856 τοῖς

506 1879 1029 1971 διαπορήμασιν,
1082 1887 1147 1949 2.
1191 1888 1361 1950 998-
1403 1889 1442 1950 7
1460 1921 1543 1935 -
1559 1888 1646 1949 19
1704 1886 2019 1972 explicuit.
2121 1888 2432 1950 Nimirum
2489 1905 2716 1949 eonse-

508 2010 713 2075 quens
756 1990 877 2052 erit
920 2009 995 2052 ex
1040 1989 1159 2053 bae
1200 1993 1552 2067 sententia,
1593 1999 1666 2053 ut
1707 1988 1839 2054 duo
1885 2011 2161 2075 corpora
2202 1994 2270 2054 in
2316 1989 2544 2055 eodem
2589 1992 2718 2053 sint

508 2093 746 2178 spatio,
802 2090 979 2175 quod
1022 2102 1120 2156 est
1160 2093 1532 2168 absurdum;
1587 2117 1665 2157 ae
1705 2105 2070 2182 praeterea,
2127 2097 2238 2179 qni
2279 2097 2370 2158 ita
2413 2102 2718 2172 stannum,

508 2198 568 2260 si
609 2194 735 2259 sibi
776 2193 981 2258 velint
1020 2198 1143 2280 ipsi
1184 2208 1481 2261 constare
1525 2198 1687 2277 (τοῦ
1728 2194 1937 2261 αὐτοῦ
1976 2192 2180 2278 λόγου
2216 2200 2362 2277 δ2),
2407 2219 2523 2262 eos
2563 2217 2719 2261 eon-

509 2296 780 2362 tendere
836 2297 1022 2362 simul
1075 2300 1434 2384 oportebit:
1490 2303 1604 2364 καὶ
1660 2296 1782 2375 τὰς
1823 2295 2033 2374 ἄλλας
2077 2298 2385 2384 δυνάμεις
2425 2302 2540 2365 καὶ
2582 2296 2717 2389 φύ-

508 2420 647 2477 σεις
690 2405 761 2465 ἐν
806 2408 944 2476 τοῖς
985 2404 1344 2480 αἰσθητοῖς
1378 2400 1549 2468 εἶναι
1582 2405 1696 2467 καὶ
1732 2404 2062 2488 μηδεμίαν
2099 2406 2570 2488 κεχωρισμένην
2602 2403 2710 2467 ὂ2.

511 2504 689 2570 Alex.
733 2503 909 2591 quod
952 2528 1056 2569 vv.
1100 2502 1221 2582 τὰς
1264 2502 1473 2583 ἄλλος
1514 2502 1824 2590 δυνάμεις
1869 2509 1984 2571 καὶ
2036 2504 2267 2596 φύσεις
2321 2506 2426 2571 vel
2482 2527 2719 2593 corpo·

508 2631 646 2674 rum
692 2613 1025 2688 terminos,
1081 2611 1452 2696 superficies
1499 2623 1566 2676 et
1607 2610 1840 2689 lineas,
1887 2610 1998 2675 vel
2042 2633 2150 2677 eas
2192 2633 2297 2677 res
2341 2633 2505 2697 quae
2550 2613 2720 2697 opti·

511 2735 626 2778 eae
682 2713 949 2799 aliisque
1006 2714 1319 2795 eiusmodi
1372 2714 1612 2779 artibus
1655 2715 1982 2780 subiectae
2023 2728 2173 2780 sunt
2213 2714 2560 2803 significari
2601 2738 2718 2801 pu·

512 2829 621 2895 tat,
663 2828 957 2882 neutrum
1002 2827 1222 2903 potest
1263 2818 1553 2903 probari3
1599 2818 1709 2882 illa
1751 2822 1934 2897 enim,
1977 2818 2352 2905 superficies
2391 2831 2458 2884 et
2492 2818 2718 2897 lineae,

510 2924 633 2986 iam
668 2926 1079 2986 eontinentur
1105 2925 1439 3007 superiore
1466 2933 1863 3008 argumento,
1900 2945 2030 3008 qno
2064 2922 2195 2987 duo
2226 2944 2519 3010 corpora,
2556 2944 2717 3009 quae
2805 2905 2822 2914 “

510 3027 801 3091 nimirum
857 3027 1001 3088 sine
1053 3024 1514 3110 superficiebus
1571 3049 1650 3089 ae
1691 3025 1878 3090 lineis
1923 3030 2193 3113 eogitari
2235 3016 2593 3114 nequeunt,
2647 3030 2718 3091 in

518 3128 747 3197 eodem
791 3122 1003 3215 spatio
1049 3128 1190 3193 fore
1232 3129 1732 3216 significaveram
1779 3130 1942 3194 haee
1990 3133 2045 3193 si
2086 3129 2382 3196 volumus
2426 3129 2716 3218 intelligi,

517 3236 871 3321 arg-umenti
914 3235 1010 3296 vis
1057 3236 1262 3297 omnis
1305 3234 1646 3314 intercidit,
1690 3257 1854 3320 quae
1899 3233 2152 3320 quidem
2197 3238 2265 3298 in
2310 3256 2392 3300 eo
2438 3246 2538 3299 est
2580 3236 2717 3313 sita,

510 3349 584 3403 nt
630 3339 737 3401 Ar.
784 3357 891 3401 eas
934 3335 1318 3401 substantias
1365 3350 1430 3403 et
1469 3342 1639 3425 ipsa's
1686 3360 1762 3402 ex
1807 3337 2028 3403 eadem
2071 3343 2386 3404 sententia
2427 3358 2718 3403 necessa-

510 3443 611 3505 rio
656 3443 868 3505 inesse
911 3438 1101 3504 rebus
1144 3441 1552 3507 sensibilibus
1598 3443 2010 3520 demonstret,
2054 3465 2210 3528 quas
2249 3446 2386 3508 eius
2423 3453 2717 3506 auctores

510 3566 549 3607 a
594 3540 784 3608 rebus
829 3542 1238 3608 sensibilibus
1279 3549 1705 3611 seiunxerant.
1779 3548 2001 3632 ltaque
2047 3545 2196 3611 lieet
2237 3568 2475 3612 nomen
2520 3539 2719 3611 δυνά-

512 3669 654 3731 μεις
699 3647 969 3734 aliquam
1009 3646 1200 3711 faciat
1230 3646 1706 3729 dubitationem,
1749 3671 1874 3715 nee
1902 3661 2110 3715 tamen
2141 3653 2502 3738 graviorem
2532 3669 2719 3735 quam

380 3843 389 3851 ⁶
513 3753 580 3814 in
625 3749 885 3837 reliquis
929 3752 1387 3839 interpretandi
1430 3755 1810 3832 rationibuS,
1855 3754 2083 3819 ideas
2125 3754 2579 3843 intelligendas
2623 3776 2720 3817 ar-

513 3852 733 3918 bitror.
823 3854 953 3940 Qui
998 3880 1100 3922 res
1144 3857 1616 3922 mathematicas
1672 3859 2054 3923 substantias
2111 3858 2364 3946 quidem
2414 3881 2554 3924 esse
2597 3868 2721 3922 sta-

513 3967 715 4038 tuunt,
762 3980 838 4023 ae
880 3970 1089 4027 tamen
1129 3965 1339 4026 inesse
1377 3963 1572 4028 rebus
1606 3963 2028 4042 sensibilibuS,
2072 3966 2119 4028 ii
2149 3983 2280 4028 non
2312 3963 2563 4041 babent,
2607 3984 2722 4026 cur

515 4061 690 4127 ideas
725 4067 1065 4153 seiungant
1098 4088 1134 4131 a
1171 4066 1363 4132 rebus
1398 4067 1824 4134 sensibilibus,
1892 4069 2037 4131 Hoc
2065 4070 2345 4153 apertius
2377 4067 2533 4131 dicit
2557 4066 2627 4131 B
2655 4068 2718 4133 2.

513 4167 683 4233 998a
724 4168 825 4245 12,
871 4191 1057 4253 quem
1101 4169 1312 4236 locum
1358 4171 1461 4235 hic
1504 4175 1790 4258 respicit:
1848 4172 2053 4251 δῆλον
2098 4166 2202 4236 ὅτι
2243 4173 2355 4237 καὶ
2401 4166 2497 4235 τὰ
2542 4168 2613 4235 εἴ
2622 4170 2666 4234 δ
2676 4193 2720 4249 η

512 4268 825 4362 ἐνδέχοιτ’,
863 4268 950 4337 ἂν
993 4277 1065 4338 ἐν
1099 4282 1241 4349 τοῖς
1274 4276 1634 4353 αἰσθητοῖς
1672 4272 1871 4340 εἶναι·
1917 4277 2062 4340 τοῦ
2103 4268 2233 4360 γὰρ
2280 4271 2537 4339 αὐτοῦ
2579 4268 2723 4338 λό-

514 4400 660 4460 γου
702 4372 1054 4466 ἀμφότερα
1096 4373 1308 4444 ταῦτα’
1353 4382 1550 4444 ἐστιν.
1579 4416 1667 4429 -
1711 4380 1828 4444 His
1873 4381 2124 4444 tertium
2167 4378 2348 4445 addit
2391 4398 2723 4467 argumen-
