3043 4973
515 214 658 289 484
1330 217 1409 285 A
1460 213 1529 285 5.
1585 178 1879 287 iona.

516 390 638 457 alia
681 392 933 456 ratione
976 408 1096 473 pro
1141 391 1432 473 potentia
1477 388 1694 454 haberi
1734 398 1966 475 potest,
2011 387 2132 452 alia
2162 409 2282 474 pro
2314 398 2476 466 actu,
2520 388 2718 452 veluti

517 493 702 580 quod.
737 502 881 557 actu
926 493 1161 570 vinum,
1208 492 1374 556 idem
1420 496 1710 578 potentia
1755 502 2001 556 acetum
2048 500 2160 569 est,
2204 490 2308 555 vel
2357 490 2531 577 quod
2575 500 2719 556 actu

518 596 712 675 cibus,
764 595 933 660 idem
976 597 1264 679 potentia
1310 616 1458 659 caro
1509 605 1622 675 est,
1667 595 1745 658 al.
1835 596 1963 675 (αὖ
2011 587 2184 658 ἄλλα
2227 616 2298 657 τε
2341 588 2566 680 ἄλλοις
2607 594 2722 658 καὶ

517 692 749 777 ἄλλως,
789 696 1366 785 prioribus'verbis
1413 698 1821 785 significatur,
1867 699 2217 784 potentiam
2267 705 2330 760 et
2373 708 2576 764 actum
2612 718 2724 785 ge·

516 824 669 869 nera
716 822 857 867 esse
900 821 1224 864 causarum
1271 805 1387 878 ita,
1445 812 1515 867 ut
1561 800 1899 887 cuiuslibet
1940 803 2035 864 rei
2082 809 2146 867 et
2195 802 2484 885 potentia
2532 802 2613 862 sit
2659 807 2725 863 et

518 915 713 983 εοεαε,
758 903 872 967 sed
919 902 1056 967 aliis
1102 904 1293 967 rebus
1339 902 1461 967 alia
1509 907 1796 990 potentia
1846 913 1909 967 et
1945 902 2103 967 alius
2142 914 2350 979 actus;
2396 912 2724 987 postremo

517 1019 725 1073 autem
773 1005 1003 1085 verbo,
1062 1000 1301 1084 ἄλλως,
1354 1006 1605 1070 videtur
1647 1005 2021 1094 significari,
2080 1007 2252 1093 quod
2301 1005 2531 1071 deinde
2577 1027 2728 1091 pro-

518 1113 695 1175 ximis
752 1132 855 1173 vv.
903 1113 971 1173 ἐν
1024 1109 1217 1184 ἐνίοις
1266 1104 1395 1195 γὰρ
1445 1148 1525 1162 --
1582 1103 1945 1193 ἄνθρωπος
2004 1108 2256 1174 uberius
2317 1109 2727 1196 explicatur.)

519 1215 697 1278 Haec
742 1223 946 1276 autem
993 1211 1162 1275 1st1va
1209 1234 1513 1299 generum
1555 1234 1879 1276 causarum
1923 1211 2245 1278 distinctio
2286 1235 2419 1295 non
2458 1233 2724 1298 prorsus

519 1317 767 1381 diversa
814 1325 908 1379 est
952 1315 1033 1379 ab
1079 1337 1171 1393 ea,
1218 1336 1400 1400 quam
1449 1325 1633 1380 antea
1678 1318 2075 1393 instituimuS‚
2121 1315 2234 1380 sed
2281 1316 2477 1380 altera
2518 1315 2598 1379 ad
2636 1314 2723 1379 al-

518 1430 712 1484 teram
757 1428 973 1505 potest
1015 1418 1222 1505 redigi
1271 1419 1391 1499 (cf.
1441 1419 1520 1482 de
1566 1416 1936 1505 redigendis
1984 1418 2065 1481 ad
2111 1419 2375 1484 formam
2424 1431 2489 1485 et
2533 1428 2725 1483 mate-

519 1526 673 1589 riam
712 1532 984 1608 quatuor
1018 1543 1341 1588 causarum
1380 1522 1723 1609 generibus
1758 1521 1839 1585 ad
1874 1523 1932 1585 4.
1967 1523 2171 1587 107οὂ
2195 1522 2355 1604 26);
2403 1523 2482 1587 ad
2520 1533 2723 1587 actum

522 1629 685 1691 enim
729 1623 1065 1689 referenda
1114 1634 1212 1688 est
1258 1634 1320 1687 et
1364 1625 1569 1689 forma
1614 1628 1724 1702 rei,
1771 1625 1880 1691 ubi
1922 1625 2173 1711 quidem
2216 1647 2287 1688 ea
2326 1648 2444 1711 per
2482 1648 2550 1690 se
2585 1636 2726 1712 pot-
2801 1676 2806 1688 .

523 1739 621 1794 est
666 1730 966 1792 exsistere
1012 1720 1172 1807 (ἐὰν
1215 1717 1256 1815 ᾗ
1296 1723 1622 1812 χωριστόν
1664 1730 1824 1809 α9),
1885 1738 1948 1793 et
2002 1749 2105 1793 res
2152 1739 2450 1793 concreta
2494 1726 2610 1809 (τὸ
2657 1725 2726 1807 ἐξ

520 1827 778 1919 ἀμφοῖν
818 1833 926 1907 119,
972 1832 1010 1894 i.
1045 1852 1099 1893 e.
1146 1823 1223 1894 τὸ
1271 1824 1595 1918 συνάμφω
1642 1832 1728 1894 ,Η
1752 1833 1812 1894 2.
1847 1832 2056 1896 1043a
2081 1834 2184 1909 22,
2233 1835 2366 1896 sive
2410 1827 2487 1896 τὸ
2533 1828 2725 1897 σύνο-

520 1934 667 2012 λον,
715 1933 791 1997 cf.
838 1931 920 1997 ad
962 1931 1031 1997 B
1075 1936 1136 1997 4.
1178 1935 1348 1999 99901
1379 1933 1533 2012 33),
1582 1944 1646 1997 et
1690 1937 1994 2019 privatim
2042 1933 2123 1997 ad
2169 1938 2518 2019 potentiam
2564 1935 2728 1998 refe·-

521 2034 720 2099 renda
767 2047 864 2099 est
901 2038 1161 2099 materia
1208 2036 1328 2114 (cf.
1362 2035 1442 2099 ad
1485 2036 1543 2101 Θ
1574 2039 1610 2101 7
1644 2039 1841 2117 init.).
1911 2039 2336 2103 Privationem
2370 2036 2729 2103 Alexander

521 2158 655 2202 non
703 2137 783 2201 ad
830 2147 1052 2214 actum,
1099 2136 1210 2201 sed
1259 2137 1340 2200 ad
1386 2142 1738 2223 potentiam
1783 2139 2008 2203 referri
2054 2150 2234 2224 putat
2277 2164 2339 2226 p.
2373 2142 2615 2218 656‚-8,
2664 2149 2727 2204 et

521 2237 1191 2305 concedendumsane
1224 2249 1333 2317 est,
1379 2240 1788 2309 Aristotelem
1836 2246 1888 2305 si
1928 2241 2191 2307 volebat
2229 2266 2362 2309 eam
2388 2238 2482 2308 ‘ad
2521 2253 2723 2307 actum

519 2343 760 2420 referri,
805 2345 1041 2406 rectius
1072 2348 1449 2428 scripturum
1481 2343 1704 2408 fuisse:
1749 2347 1861 2411 καὶ
1900 2348 2198 2430 στέρησις
2242 2368 2450 2432 quam:
2498 2350 2725 2431 στέρη-

521 2468 624 2522 σις
681 2447 771 2512 δέ.
864 2446 1155 2511 Attamen
1213 2449 1512 2534 proximis
1572 2447 1820 2514 demum
1880 2471 1913 2513 a
1969 2447 2185 2513 verbis
2244 2448 2324 2513 ad
2374 2451 2723 2539 potentiam

521 2553 800 2629 transiri,
846 2561 1112 2637 apparet
1157 2573 1231 2615 ex
1275 2551 1604 2618 manifesta
1651 2555 2092 2637 oppositione:
2141 2557 2431 2638 ἐνεργείᾳ
2473 2557 2593 2635 μέν
2639 2588 2720 2604 --

502 2649 794 2737 ,δυνάμει
837 2654 925 2719 δέ.
1000 2654 1098 2718 Ac
1142 2664 1469 2739 praeterea
1517 2665 1739 2720 notum
1780 2665 1893 2734 est,
1942 2656 2269 2721 Aristoteli
2304 2659 2723 2742 privationem

522 2760 708 2820 etiam
752 2778 895 2821 esse
941 2757 1414 2842 quodammodo
1464 2745 1652 2834 εἶδος,
1699 2758 1774 2824 ef.
1821 2757 1900 2822 ad
1934 2761 1994 2822 4.
2028 2760 2231 2823 107οὂ
2256 2762 2359 2838 26,
2407 2763 2723 2823 materiam

522 2879 682 2921 vero
725 2879 862 2923 non
906 2881 1023 2945 per
1068 2882 1165 2936 se,
1223 2858 1335 2923 sed
1392 2880 1510 2945 per
1568 2860 1861 2924 accidens
1917 2864 2263 2945 privationi
2311 2862 2726 2940 adnumerari,

522 2962 601 3025 cf.
649 2961 729 3024 ad
771 2963 832 3025 2.
876 2964 1079 3026 1069b
1111 2963 1214 3040 18,
1266 2972 1337 3026 ut
1380 2983 1503 3025 nec
1545 2973 1888 3047 propterea
1932 2968 2207 3048 privatio
2234 2966 2476 3030 ¹referri
2520 2968 2726 3051 possit

523 3063 604 3129 ad
647 3067 1012 3149 potentiam.
1106 3066 1308 3128 Etiam
1359 3086 1520 3150 quae
1568 3065 1756 3130 affert
1799 3069 2174 3151 privationis
2221 3067 2520 3154 exempla,
2571 3063 2724 3134 oxo‘-

520 3190 653 3245 τος,
695 3163 969 3251 κάμνον,
1013 3168 1178 3232 hanc
1223 3167 1601 3232 confirmant
1644 3172 2040 3236 sententiam.

656 3273 792 3334 all
838 3264 1101 3347 ἄλλως
1147 3308 1229 3325 --
1279 3274 1360 3336 17
1407 3275 1820 3338 κινοῦντα.
1894 3275 2074 3338 Haeo
2115 3274 2310 3339 verba
2357 3296 2475 3360 per
2518 3274 2724 3339 brevi-

522 3383 714 3437 tatem
763 3384 828 3437 et
871 3373 1326 3461 negligentiam
1374 3372 1630 3440 dicendi
1676 3374 2017 3440 admodum
2066 3375 2331 3461 obscura
2378 3389 2450 3442 ut
2494 3377 2729 3463 proba-

523 3475 715 3539 bilem
777 3486 950 3539 certe
1005 3479 1071 3540 in
1129 3476 1383 3540 modum
1431 3481 1944 3564 interpretemur,
2003 3481 2431 3565 incipiendum
2476 3479 2758 3565 videtur⁴

526 3578 605 3642 ab
644 3589 920 3643 extrema
964 3582 1281 3643 enunciati
1318 3590 1529 3666 parte:
1574 3583 1685 3646 καὶ
1728 3576 1913 3667 παρὰ
1956 3584 2164 3646 ταῦτα
2210 3580 2246 3647 ὁ
2283 3580 2468 3661 ἥλιος
2506 3622 2590 3633 -
2626 3605 2725 3646 κι-

524 3683 788 3748 νοῦντα.
864 3680 1035 3746 Solis
1079 3705 1196 3768 per
1224 3682 1496 3769 'eclipsin
1537 3683 1863 3770 obliquum
1904 3708 2148 3749 cursum
2195 3683 2274 3765 (ὁ
2318 3682 2503 3766 ἥλιος
2538 3687 2649 3750 καὶ
2687 3682 2724 3750 ὁ

523 3778 715 3862 λοξὸς
757 3780 988 3861 κύκλος
1026 3786 1195 3866 b15)
1240 3789 1575 3864 universae
1633 3792 2064 3874 generationis
2122 3788 2424 3855 naturalis
2477 3798 2541 3853 et
2585 3809 2727 3852 cor·

521 3889 838 3972 ruptionis
886 3909 1027 3953 esse
1072 3910 1340 3967 causam,
1386 3889 1644 3955 uberius
1683 3892 1788 3954 Ar.
1839 3896 2099 3978 exponit
2142 3892 2223 3957 de
2267 3915 2413 3980 gen.
2457 3902 2522 3957 et
2558 3913 2723 3956 corr.

523 3988 583 4052 Π
624 3991 736 4067 10,
799 3990 876 4053 cf.
904 3995 1263 4078 praecipue
1309 3994 1477 4058 336a
1511 3995 1627 4059 31:
1687 3990 1789 4059 διὸ
1844 3998 1957 4060 καὶ
2014 3993 2133 4081 οὐχ
2186 3993 2228 4075 ἡ
2273 3991 2497 4082 πρώτη
2543 3989 2728 4082 φοραὶ

525 4095 708 4157 αἰτία
766 4094 902 4157 ἐστὶ
958 4096 1265 4174 γενέσὲως
1319 4097 1435 4160 καὶ
1491 4099 1800 4186 φθορᾶς,
1855 4094 2000 4161 ἀλλ’
2039 4095 2081 4177 ἡ
2126 4093 2297 4162 κατὰ
2327 4093 2471 4177 ,τὸν
2527 4091 2728 4175 λοξὸν

523 4190 774 4274 κύκλον,
823 4205 887 4258 et
919 4197 1077 4259 ⁶15:
1124 4199 1433 4285 φαίνεται
1477 4197 1546 4263 δὲ
1589 4200 1700 4263 καὶ
1743 4192 1912 4263 κατὰ
1956 4195 2079 4280 τὴν
2123 4199 2446 4281 αἴσθησιν
2482 4198 2725 4284 ὁμολοσ-

522 4294 812 4385 rodum:
856 4305 998 4373 τοῖς
1040 4295 1197 4387 παρ’
1236 4296 1422 4383 ἡμῶν
1465 4295 1715 4384 λόγοις·
1776 4298 2031 4389 ὁρῶμεν
2084 4297 2213 4393 γὰρ
2268 4297 2368 4370 ὅτι
2411 4297 2725 4393 προσιόν-
