3043 4973
530 255 672 335 140
1118 282 1123 287 ·
1369 262 1443 332 Β
1489 257 1561 331 2.
1638 258 1865 332 9961).

523 443 826 523 promptu
859 444 971 500 est.
1036 435 1110 500 In
1140 437 1355 521 priore
1386 434 1805 500 conclusione
1834 436 2196 521 propositio
2227 429 2447 513 maior,
2478 443 2549 500 ut
2575 456 2731 500 vere

525 539 885 605 Alexander
926 538 1179 617 iudicat,
1223 538 1386 603 falso
1433 542 1730 614 sumitur3
1777 560 2047 623 namque
2089 542 2546 604 contrariorum
2585 559 2733 604 ean-

525 643 667 708 dem
716 664 856 707 esse
899 644 1223 706 scientiam
1269 653 1488 707 notum
1537 652 1635 706 est
1664 641 2026 708 Aristotelis
2072 642 2391 729 placitum,
2437 643 2517 707 cf.
2562 644 2630 706 Γ
2663 645 2726 707 2.

524 748 734 811 loo4a
757 745 818 810 9.
866 746 935 808 Κ
957 748 1018 810 3.
1049 748 1255 809 1061a
1284 747 1385 809 19.
1435 747 1553 809 An.
1580 767 1673 831 pr.
1699 746 1729 811 I
1759 747 1863 811 36.
1895 747 2012 811 4812
2039 749 2097 809 5.
2138 756 2305 832 post.
2334 747 2362 809 I
2396 749 2453 810 7.
2483 748 2597 810 7511
2625 748 2726 810 13.

523 849 740 934 Top.I
774 850 1059 914 14.·1051›
1084 850 1189 913 33.
1234 849 1294 912 II
1321 851 1383 913 3.
1413 851 1570 912 11Οὸ
1594 851 1698 912 20.
1746 848 1901 911 VIII
1930 852 1987 913 l.
2016 851 2173 914 155⁶
2196 852 2299 914 31.
2343 851 2448 913 13.
2481 851 2726 913 163112.

519 954 712 1037 Phys,
734 952 889 1015 VIII
924 954 978 1014 l.
1005 954 1173 1016 251⁶
1198 955 1305 1017 30.
1344 954 1486 1016 Eth.
1508 954 1591 1016 N.
1613 953 1678 1013 V
1706 954 1760 1014 l.
1796 954 2004 1016 11290
2035 955 2147 1028 143
2180 952 2293 1016 sed
2325 952 2522 1040 longe
2552 949 2727 1017 aliud

519 1056 623 1124 hic
652 1059 853 1133 sumit,
892 1076 1079 1140 quum
1115 1077 1270 1120 non
1304 1075 1445 1122 esse
1478 1054 1742 1119 eandem
1775 1057 2097 1119 scientiam
2129 1059 2347 1120 statuit
2381 1058 2537 1119 nisi
2578 1076 2730 1118 con·

518 1161 875 1223 trariorum.
931 1160 1004 1223 In
1035 1159 1231 1224 altera
1268 1161 1817 1246 argumentatione
1852 1162 2147 1244 quoniam
2185 1182 2219 1222 a
2251 1157 2611 1245 particulari
2645 1156 2727 1220 ad

519 1262 877 1327 universale
919 1262 997 1326 fit
1041 1263 1397 1341 conclusio,
1452 1263 1657 1326 omnis
1702 1259 2098 1327 desideratur
2141 1261 2569 1327 concludendi
2615 1281 2728 1324 ne-

520 1369 795 1430 cessitas,
2209 1385 2240 1418 ι

649 1472 819 1535 996·
857 1469 945 1532 32
999 1467 1156 1531 τῶν
1211 1467 1635 1555 σοφιστῶν
1692 1488 1912 1543 τινες
1970 1463 2150 1532 οἷον
2198 1466 2726 1553 Ἀρίστιππος

516 1565 1172 1657 προεπηλάκιζεν
1216 1566 1486 1647 αὐτάς.
1535 1569 1927 1656 Aristoteles
1963 1592 2152 1656 quum
2189 1572 2596 1656 sophisticam
2629 1591 2728 1632 ar-

516 1685 642 1739 tem
683 1697 717 1738 a
752 1672 1161 1759 philosophia
1200 1672 1463 1736 differre
1502 1672 1673 1738 dicat
1707 1675 1828 1738 τοῦ
1858 1674 2014 1757 βίου
2050 1677 2128 1764 τῇ
2168 1677 2542 1761 προαιρέσει
2570 1675 2638 1737 Γ
2659 1676 2722 1737 2.

519 1779 721 1842 10041)
746 1780 849 1856 24,
896 1798 1029 1841 non
1076 1780 1390 1840 immerito
1425 1777 1809 1862 Aristippum
1851 1777 1978 1841 hoc
2020 1780 2279 1842 nomine
2322 1787 2521 1842 notat.
2589 1776 2724 1861 Qui

517 1880 690 1965 quod
746 1881 1241 1944 mathematicam
1300 1891 1645 1965 propterea
1673 1923 1678 1928 -
1706 1880 1939 1945 dicitur
1981 1880 2363 1967 neglexisse,
2421 1886 2566 1967 quia
2613 1880 2723 1944 illa

512 1983 672 2049 boni
727 1986 1114 2047 mentionem
1174 1986 1435 2047 omnino
1490 2005 1627 2048 non
1671 1983 1890 2061 faciat,
1949 1981 2101 2048 alibi
2147 1984 2315 2052 idem
2361 1987 2415 2048 si
2458 2005 2591 2048 non
2638 1984 2722 2049 de

513 2082 991 2165 mathematica,
1035 2097 1100 2150 at
1157 2096 1326 2151 certe
1387 2086 1468 2150 de
1526 2087 1788 2173 physica
1846 2091 2141 2151 universe
2187 2099 2502 2152 narratum
2547 2087 2724 2152 vide-

512 2212 679 2268 mus,
727 2201 790 2254 et
834 2193 918 2255 ita
966 2189 1247 2274 quidem,
1302 2201 1373 2254 ut
1414 2190 1576 2254 haec
1621 2193 1967 2255 contemtio
2014 2195 2210 2255 artius
2258 2194 2592 2255 coniuncta
2639 2193 2724 2255 sit

514 2317 652 2358 cum
697 2293 1070 2379 placitorum
1105 2294 1409 2378 Aristippi
1453 2293 1693 2358 indole.
1776 2294 1855 2357 cf.
1898 2294 2068 2358 Sext.
2111 2295 2291 2380 Emp.
2343 2293 2485 2359 adv.
2518 2293 2720 2357 Math.

511 2399 638 2461 Vll
675 2401 772 2461 ll.
813 2422 873 2484 p.
911 2398 1054 2473 192,
1088 2398 1191 2461 25.
1225 2396 1370 2459 Bk.:
1421 2399 1879 2484 παραπέμπειν
1924 2397 1993 2460 δὲ
2036 2392 2114 2462 τὸ
2161 2390 2441 2485 φυσικὸν
2482 2399 2594 2462 καὶ
2638 2390 2719 2461 τὰ

511 2498 774 2587 λογικὸν
833 2500 920 2578 ὡς
972 2501 1196 2585 μηθὲν
1251 2494 1416 2587 πρὸς
1458 2496 1535 2565 τὸ
1583 2497 1981 2584 εὐδαιμόνως
2022 2502 2216 2584 βιοῦν
2257 2504 2717 2588 συνεργοῦντα.

455 2671 464 2680 ,
509 2607 706 2693 Diog.
753 2606 824 2668 L.
866 2605 925 2669 11
969 2607 1075 2669 92.
1143 2603 1356 2668 Zeller
1397 2605 1510 2669 Ph.
1559 2604 1619 2669 d.
1668 2604 1782 2669 Gr.
1828 2605 1907 2667 11.
1953 2628 2018 2690 p.
2054 2607 2202 2669 125.

643 2712 803 2775 9961»
831 2711 866 2773 1
915 2701 1123 2772 ἀλλὰ
1166 2701 1323 2791 μὴν
1353 2746 1442 2756 -—
1471 2710 1560 2772 25
1603 2703 1912 2773 τούτων
1952 2711 2314 2774 ἕκαστον.
2393 2708 2719 2793 Quoniam

513 2812 842 2876 dialectice
888 2810 1174 2898 singulae
1221 2814 1626 2895 quaestiones
1673 2810 2120 2896 disceptantur,
2164 2816 2300 2877 iure
2340 2821 2406 2876 et
2441 2835 2514 2876 ex
2552 2814 2720 2875 simi-

510 2914 783 2978 litudine
844 2913 1224 2998 reliquamm
1288 2934 1492 2999 prope
1552 2916 1826 2977 omnium
1889 2918 2324 2998 quaestionum
2388 2926 2717 3001 exspectes

513 3017 937 3094 Aristotelem,
982 3026 1315 3101 postquam
1358 3015 1606 3080 diversa
1650 3038 1971 3080 causarum
2013 3040 2249 3106 genera
2287 3040 2420 3084 non
2453 3023 2563 3083 uni
2603 3018 2718 3082 do·

511 3124 750 3185 otrinae
796 3119 1073 3185 subiecta
1115 3118 1351 3196 docuit,
1392 3122 1512 3182 iam
1553 3123 1621 3183 in
1660 3119 1919 3185 alteram
1957 3133 2199 3206 partem
2238 3122 2716 3207 disputaturum,

510 3237 581 3290 ut
610 3246 740 3288 non
772 3245 966 3311 posse
996 3222 1306 3287 diversam
1341 3244 1480 3287 esse
1505 3222 1899 3288 diversorum
1933 3246 2157 3289 causae
2184 3245 2487 3313 generum
2515 3228 2719 3288 scien-

509 3332 656 3392 tiam
705 3350 845 3393 esse
891 3327 1286 3412 comprobet.
1378 3325 1507 3390 Sed
1555 3327 1633 3391 ab
1681 3349 1753 3392 ea
1800 3331 1900 3391 via
1948 3338 2056 3392 aut
2099 3328 2343 3392 recedit
2387 3336 2495 3392 aut
2538 3327 2718 3392 vide-

473 3445 612 3503 ‚tur
657 3442 828 3495 certe
870 3430 1172 3494 recedere
1220 3429 1613 3493 Aristoteles.
1708 3433 1790 3495 At
1831 3435 1884 3495 si
1930 3430 2169 3516 plureS,
2218 3433 2332 3510 ait,
2385 3441 2718 3515 ponuntur

511 3554 833 3597 causarum
881 3533 1210 3597 doctrinae
1256 3543 1321 3594 et
1363 3553 1474 3595 sua
1517 3536 1743 3618 cuique
1779 3537 2004 3625 generi
2040 3536 2301 3597 scientia
2338 3536 2713 3620 assignatur,

509 3639 832 3722 quaeritur
876 3658 1057 3722 quam
1103 3637 1496 3722 potissimum
1545 3655 1619 3698 ex
1664 3637 1762 3700 his
1809 3637 2114 3701 doctrinis
2163 3658 2298 3700 eam
2344 3658 2484 3701 esse
2526 3647 2714 3722 pute-

508 3760 663 3819 mus,
710 3763 891 3826 quam
939 3761 1109 3804 nunc
1153 3740 1526 3824 quaerimuS,
1569 3743 1830 3824 primam
1876 3739 2363 3825 philosophiam.
2455 3742 2712 3806 Etenim

508 3865 697 3928 quum
742 3843 882 3907 fieri
928 3846 1133 3929 possit
1177 3851 1248 3905 ut
1291 3842 1356 3904 in
1406 3840 1626 3905 eadem
1670 3865 1758 3921 re,
1811 3863 1972 3928 quae
2018 3846 2451 3931 investigatur,
2498 3850 2711 3910 omnia

508 3967 833 4010 causarum
891 3967 1127 4033 genera
1184 3956 1557 4022 cernantur,
1615 3948 1668 4009 si
1723 3950 2042 4031 sequimur
2097 3950 2437 4033 opiniones
2473 3948 2572 4020 ,de
2616 3970 2713 4011 sa-

505 4052 743 4135 pientia
780 4060 964 4113 antea
1003 4052 1319 4134 expositas
1366 4052 1476 4128 (ὲκ
1516 4050 1649 4114 τῶν
1691 4046 1901 4113 πάλαι
1937 4050 2376 4136 διωρισμένων
2411 4054 2513 4131 ὁ8,
2558 4054 2712 4116 διω-

507 4153 720 4238 ρίσθη
756 4153 914 4229 ῠ14,
961 4150 1041 4215 cf.
1087 4152 1159 4214 A
1192 4154 1305 4233 2),
1359 4149 1596 4215 habere
1640 4152 1957 4230 videmur,
2017 4175 2129 4217 cur
2174 4157 2358 4219 unius
2405 4159 2712 4241 aliusque

507 4276 734 4321 causae
789 4257 1116 4319 scientiam
1174 4257 1562 4339 potissimam
1621 4264 1686 4318 et
1741 4259 2092 4342 primariam
2153 4279 2292 4321 esse
2341 4268 2708 4323 statuamus.

507 4359 758 4426 Causae
789 4356 998 4427 finalis
1028 4360 1318 4446 cognitio
1351 4356 1610 4442 reliquis
1638 4357 1895 4424 videtur
1924 4360 2339 4447 praeferenda
2374 4380 2530 4439 esse,
2560 4365 2709 4448 quia
