3043 4973
411 296 416 301 .
519 230 667 306 494
1336 234 1417 303 Λ
1464 229 1535 303 7.
1619 226 1886 303 1072σ.

519 415 695 472 recte
724 404 901 470 Alex.
930 428 994 490 p.
1017 406 1166 483 665,
1197 406 1287 470 32
1330 403 1447 469 illo
1489 403 1837 492 significari
1880 412 2064 489 putat
2099 424 2375 467 annuum
2412 423 2533 488 per
2571 400 2722 466 ecli-

518 513 662 597 psin
699 529 964 585 cursum,
998 508 1124 572 hoc
1157 507 1596 593 quotidianum
1634 511 1799 572 circa
1836 516 2065 571 terram
2103 507 2342 571 orbem.
2409 507 2597 569 Hunc
2631 504 2724 567 al·
2767 588 2788 599 ο

519 625 725 677 terum
766 621 1006 675 motum
1051 614 1349 695 quoniam
1386 633 1524 675 non
1558 620 1780 696 suapte
1811 619 2033 674 natura
2064 610 2269 687 habet,
2315 608 2430 673 sed
2462 607 2722 673 aliunde

519 715 853 792 adscitum,
900 717 1227 797 quaeritur
1268 724 1472 778 utrum
1519 735 1595 777 ex
1645 713 1774 776 alio
1818 723 1995 777 motu
2040 734 2119 776 an
2167 734 2244 776 ex
2285 712 2395 777 illa
2440 714 2721 776 universi

520 817 689 883 coeli
731 817 972 881 latione
1015 815 1263 880 habeat.
1340 817 1428 880 At
1471 819 1526 879 si
1571 838 1645 880 ex
1692 815 1820 880 alio
1864 825 2045 879 motu
2088 815 2326 892 (veluti
2376 836 2411 879 e
2450 815 2724 900 sphaera

518 921 836 996 Saturnia,
880 927 955 982 ut
998 918 1289 1005 exemplo
1336 929 1479 984 utar
1519 920 1601 983 ab
1648 918 1830 983 Alex.
1874 916 2158 983 adhibito
2206 941 2269 1003 p.
2298 919 2446 996 666,
2490 920 2574 1000 3)
2619 939 2723 982 re-

517 1032 771 1110 petatur
809 1021 1075 1089 diurnus
1105 1021 1261 1086 solis
1299 1022 1491 1102 orbis,
1534 1021 1707 1087 illius
1742 1023 2031 1085 nimirum
2061 1023 2261 1107 ipsius
2288 1030 2500 1086 motus
2530 1041 2722 1086 causa

522 1126 744 1191 eadem
782 1134 879 1188 est
911 1124 1020 1188 illa
1058 1129 1256 1211 prima
1297 1125 1461 1191 coeli
1498 1125 1657 1189 latio
1697 1128 1874 1204 (015
1907 1123 2202 1208 κάκείνῳ,
2242 1128 2283 1189 i.
2312 1146 2365 1190 e.
2401 1125 2494 1189 τῶ
2522 1127 2723 1208 ἑτέρῳ

518 1223 705 1315 παρὰ
742 1221 819 1292 τὸ
854 1228 1133 1313 πρῶτον,
1168 1225 1336 1292 καθ’
1369 1222 1407 1293 ὃ
1446 1233 1669 1314 ἕτερον
1700 1230 1978 1311 τίθεμεν
2013 1224 2177 1293 αὐτὸ
2211 1232 2547 1313 ἐνεργεῖν).
2605 1228 2721 1290 Di-

521 1334 767 1420 gnitate
808 1332 1005 1418 igitur
1049 1334 1262 1415 potius
1306 1329 1468 1396 illud
1511 1333 1774 1417 πρῶτον
1818 1333 2123 1417 ἐνεργοῦν
2170 1342 2296 1408 est;
2341 1353 2415 1396 ex
2460 1331 2587 1395 hoc
2622 1351 2726 1393 re-

519 1434 801 1522 petenda
845 1444 942 1499 est
984 1436 1355 1513 aeternitaS,
1414 1455 1488 1498 ex
1546 1432 1750 1498 altero
1806 1438 2240 1522 generationis
2280 1435 2586 1510 varietas,
2644 1453 2723 1495 ex

521 1550 794 1624 utroque
836 1540 1034 1624 igitur
1075 1540 1399 1602 varietatis
1443 1540 1808 1615 aeternitas,
1854 1538 1935 1602 cf.
1981 1538 2066 1603 de
2107 1559 2252 1626 gen.
2299 1538 2342 1602 l.
2373 1537 2414 1601 l.
2464 1572 2545 1586 —
2591 1537 2724 1599 De-

521 1645 717 1727 nique
769 1639 1256 1705 confirmaturus
1311 1641 1501 1718 haec,
1561 1662 1723 1726 quae
1783 1662 1857 1706 ex
1911 1644 2050 1726 ipsa
2108 1663 2317 1705 rerum
2374 1654 2597 1704 natura
2646 1661 2724 1702 ac

520 1748 792 1810 notione
820 1745 1170 1829 ‘repetiisse
1216 1743 1339 1808 sibi
1385 1755 1555 1808 certe
1600 1743 1873 1823 videtur,
1932 1748 2055 1808 iam
2100 1743 2359 1809 adhibet
2403 1754 2721 1808 externam

521 1868 819 1912 sensuum
864 1845 1244 1911 evidentiam
1289 1847 1406 1927 (cf.
1440 1846 1520 1911 ad
1551 1847 1625 1911 A
1654 1850 1717 1913 6.
1750 1849 1918 1912 988α
1942 1849 2028 1928 3)
2064 1849 2226 1912 αΙΊι
2272 1844 2507 1912 οὐκοῦν
2552 1842 2721 1912 οὕτω

521 1952 659 2014 καὶ
701 1950 1075 2033 flevarat
1115 1944 1412 2029 κινήσεις,
1457 1953 1497 2013 i.
1531 1972 1587 2013 e.
1635 1950 1899 2016 eandem
1944 1972 2064 2015 usu
2108 1952 2554 2037 cognoscimus
2588 1970 2724 2014 mo-

521 2063 697 2118 tuum
744 2073 886 2116 esse
930 2062 1250 2130 naturam,
1302 2052 1553 2138 qualem
1599 2076 1674 2118 ex
1714 2056 1869 2139 ipsis
1913 2054 2285 2117 notionibus
2331 2051 2724 2138 collegimus,

523 2155 642 2236 (cf.
677 2158 736 2218 7.
769 2155 979 2219 1072a
1003 2156 1116 2218 32:
1161 2156 1274 2218 καὶ
1306 2156 1502 2220 τοῦτο
1546 2152 1626 2218 οὐ
1668 2152 1879 2237 λόγῳ
1921 2150 2133 2239 μόνον
2177 2151 2321 2219 ἀλλ’
2362 2156 2561 2238 ἔργῳ
2604 2155 2725 2234 δῆ-

521 2259 660 2322 λον.
729 2257 811 2321 de
845 2278 993 2343 gen.
1034 2256 1077 2320 1.
1108 2255 1150 2321 l.
1190 2258 1351 2323 3361>
1379 2260 1493 2322 15:
1540 2258 1934 2345 <petiverat
1978 2259 2048 2323 δὲ
2090 2258 2204 2323 καὶ
2245 2250 2419 2322 κατὰ
2459 2250 2582 2335 τὴν
2618 2254 2724 2321 αἵ·-

522 2361 778 2438 σθησιν
822 2354 1318 2445 ὁμολογούμενα
1365 2370 1503 2435 τοῖς
1549 2357 1734 2443 ἡμῶν
1777 2355 2030 2442 λόγοις·
2089 2357 2404 2446 ὁρῶμεν
2445 2352 2574 2443 γὰρ
2618 2354 2720 2425 ὅτι

520 2457 917 2550 προσιόντος
958 2463 1077 2546 μὲν
1120 2462 1240 2528 τοῦ
1280 2460 1474 2543 ἡλίου
1517 2463 1767 2545 γένεσίς
1813 2466 2019 2542 ἐστιν,
2076 2458 2392 2539 ἀπιόντος
2435 2464 2504 2528 δὲ
2547 2465 2722 2553 φθί-

522 2568 683 2648 σις).
731 2566 953 2651 Quare
995 2587 1131 2630 non
1175 2576 1275 2630 est
1319 2590 1431 2632 cur
1459 2566 1790 2632 Platonica
1835 2565 2040 2630 aliave
2087 2566 2317 2653 placita
2360 2570 2564 2632 secuti
2598 2565 2720 2631 alia
2807 2619 2813 2624 .

522 2691 890 2756 quaeramus
933 2671 1264 2755 principia.

1382 2922 1441 2994 C
1456 2922 1520 2994 A
1535 2920 1613 2994 P.
1676 2921 1847 2995 VII.

655 3062 992 3130 &mmm
1024 3064 1433 3148 principium
1470 3085 1733 3129 movens
1777 3064 1939 3130 deus
1982 3072 2100 3145 eat,
2153 3075 2415 3130 aeter-rto
2458 3074 2612 3130 actu
2650 3086 2721 3130 se

520 3171 736 3254 ipsum
779 3169 1099 3252 cogitans.

652 3288 997 3372 Postquam
1055 3291 1348 3374 exposuit
1406 3308 1548 3351 esse
1605 3285 1874 3373 aliquam
1932 3285 2346 3352 substantiam
2407 3298 2720 3352 aeternam

522 3402 670 3455 actu
715 3394 1144 3469 exsistentem,
1203 3414 1279 3455 ex
1337 3412 1461 3476 qua
1515 3400 1832 3475 tamquam
1882 3392 2199 3477 principio
2244 3399 2544 3456 movente
2589 3392 2725 3454 uni-

522 3514 745 3556 versus
799 3493 1079 3576 pendeat
1132 3494 1407 3559 mundus
1464 3504 1534 3558 et
1589 3495 1796 3557 omnis
1850 3496 2214 3579 generatio,
2270 3497 2393 3558 iam
2439 3512 2602 3578 quae
2643 3495 2727 3556 sit

525 3592 742 3659 divina
799 3597 933 3660 eius
988 3605 1212 3661 natura
1271 3596 1530 3662 uberius
1588 3595 1909 3683 explicans
1965 3599 2103 3682 ipsa
2154 3599 2306 3662 iacit
2358 3595 2726 3684 theologiae

522 3698 953 3766 fundamenta.

656 3806 739 3881 a)
785 3804 998 3867 1o72a
1034 3804 1121 3867 19
1164 3802 1341 3868 ἐπεὶ
1382 3798 1443 3866 δ’
1483 3839 1572 3852 --
1611 3802 1742 3866 ⁶14
1787 3795 2054 3891 φύσις.
2142 3801 2236 3865 Ac
2279 3806 2545 3888 primum
2590 3804 2727 3887 qui-

524 3902 699 3982 dem,
753 3926 1065 3971 revocans
1121 3909 1191 3970 in
1246 3907 1613 3972 memoriam
1663 3925 1828 3989 quae
1871 3906 2154 3989 proxime
2197 3916 2347 3970 sunt
2390 3905 2727 3991 disputata,

528 4001 667 4071 esse
722 4010 1099 4094 principium
1155 4030 1421 4073 movens
1477 4006 1803 4073 immobile
1859 4006 2196 4072 confirmat
2240 4021 2310 4072 et
2350 4031 2473 4094 qna
2517 4008 2585 4072 id
2628 4029 2731 4071 ra·-

524 4112 705 4175 tione
745 4121 985 4176 motum
1026 4112 1262 4177 efficiat
1298 4111 1599 4177 declarat.
1667 4110 2010 4196 Quoniam,
2055 4115 2157 4190 ait,
2202 4111 2324 4175 hac
2359 4133 2543 4198 quam
2575 4131 2730 4196 pro-

525 4216 850 4298 posuimus
894 4217 1145 4278 ratione
1189 4236 1396 4279 rerum
1439 4225 1663 4279 natura
1700 4224 1766 4278 et
1799 4217 2134 4303 generatio
2165 4225 2381 4301 potest
2412 4212 2730 4300 explicari,

527 4314 839 4403 aliamque
880 4319 938 4381 si
980 4318 1428 4383 tentaverimus
1475 4319 1667 4395 viam,
1714 4337 1794 4382 eo
1839 4316 2172 4390 incidimus
2217 4340 2356 4383 cum
2402 4315 2730 4404 theologis
