3043 4973
514 221 611 297 88
1353 224 1432 295 Α
1478 222 1549 295 6.
1624 219 1770 295 987
1790 220 1853 293 b.

519 402 687 465 enim
747 419 910 484 quae
966 399 1213 464 iuvenis
1256 398 1592 464 imbiberat
1637 419 1712 464 ex
1753 395 2132 463 Heracliteis
2177 394 2423 483 placitis
2465 417 2604 484 per‘
2626 395 2719 461 fa·

516 502 936 568 miliaritatem
970 500 1236 587 ,Cratyli
1278 502 1402 583 (de
1441 524 1576 588 quo
1627 501 1705 566 cf.
1749 503 1819 566 Γ
1839 504 1902 567 5.
1943 502 2153 565 101⁰«
2188 503 2290 566 lo.
2348 500 2620 566 Brandis
2665 500 2720 564 1.

516 630 579 693 p.
608 607 773 687 185)
810 605 892 671 de
924 616 1146 670 natura
1181 628 1389 672 rerum
1424 603 1835 685 sensibilium,
1868 627 2033 691 quae
2069 608 2214 691 quia
2249 613 2565 692 perpetuo
2599 604 2721 669 flu-

516 713 685 775 mine
728 709 1050 775 ferrentur
1091 712 1412 775 scientiam
1457 731 1593 775 non
1625 709 2044 788 admitterent,
2091 731 2163 774 ea
2198 707 2457 795 quidem
2490 717 2721 794 postea

519 816 705 879 etiam
751 823 923 879 certa
966 836 1041 878 ac
1072 836 1224 879 vera
1262 836 1402 879 esse
1440 817 1816 879 existimavit
1855 807 2104 894 (οὕτως
2131 809 2459 897 ὑπέλαβεν
2490 813 2520 866 ⁶
2540 814 2597 876 l.
2636 810 2721 875 cf.

519 917 600 983 ad
634 920 693 983 1.
725 920 895 984 9810
928 919 1028 997 7).
1093 917 1377 983 Socratis
1422 928 1631 982 autem
1678 916 2033 984 doctrinam
2078 918 2145 980 in
2188 914 2567 1001 quaerendis
2602 936 2725 981 no-

517 1021 802 1088 tionibus
843 1021 1305 1087 universalibus
1351 1024 1647 1108 occupati
1693 1020 1816 1103 (cf.
1850 1022 1940 1086 M
1962 1023 2021 1085 4.
2056 1021 2259 1086 1078⁶
2281 1022 2386 1099 27,
2431 1019 2513 1084 de
2556 1028 2721 1105 part.

519 1147 621 1190 an.
666 1125 700 1189 1
742 1126 804 1189 1.
849 1127 1017 1190 642⁶
1053 1127 1180 1207 28)
1226 1148 1416 1212 quum
1461 1128 1809 1211 recepisset
1865 1134 1931 1188 et
1973 1123 2339 1211 probasset,
2396 1116 2723 1201 ἀποδεξά-

516 1250 715 1313 μενος
746 1229 852 1318 64,
894 1240 1160 1316 propter
1201 1231 1420 1296 insitas
1469 1240 1534 1294 et
1575 1228 1733 1293 fixas
1779 1231 1990 1294 animo
2035 1227 2425 1296 Heracliteas
2472 1229 2725 1314 opinio·

519 1352 651 1409 neS,
696 1325 805 1396 διὰ
850 1324 927 1395 τὸ
973 1334 1292 1411 τοιοῦτον,
1336 1333 1460 1398 hoc
1502 1335 1767 1397 novavit
1808 1335 1876 1397 in
1914 1331 2205 1397 doctrina
2233 1331 2557 1396 Socratica
2598 1328 2722 1407 (cf.

525 1436 725 1501 107811
756 1436 902 1516 30),
947 1445 1019 1500 nt
1060 1435 1451 1501 universales
1495 1436 1639 1501 illas
1682 1439 1985 1501 notiones
2027 1457 2164 1501 non
2207 1457 2413 1502 rerum
2458 1431 2726 1499 sensibi-

518 1536 669 1603 lium
729 1560 870 1604 esse
926 1548 1210 1625 putaret,
1264 1554 1332 1604 ut
1376 1561 1538 1626 quae
1583 1551 1899 1626 perpetuo
1943 1550 2362 1619 mutarentur,
2416 1539 2530 1604 sed
2575 1535 2728 1601 alia-

519 1664 655 1707 rum
701 1641 1109 1727 quarundam.
1199 1645 1315 1708 His
1360 1646 1556 1732 igitur
1597 1643 1950 1709 rationibus
1996 1643 2223 1708 ductus
2267 1637 2561 1722 (οὕτως
2602 1642 2726 1725 μὲν

520 1735 638 1811 οὖν
660 1748 764 1824 ⁶7,
802 1744 977 1831 quod
1023 1768 1135 1810 cur
1176 1746 1584 1832 praetulerim
1617 1747 1877 1813 lectioni
1908 1746 2030 1811 Bk.
2064 1736 2273 1824 οὗτος,
2319 1769 2395 1812 ex
2432 1749 2567 1833 ipsa
2603 1746 2727 1810 bac

520 1849 947 1935 explicatione
991 1849 1344 1936 apparebit,
1388 1850 1467 1914 cf.
1500 1849 1804 1916 Trendel.
1845 1850 1925 1917 de
1959 1850 2124 1918 ideis
2165 1861 2281 1917 etc.
2326 1873 2391 1937 p.
2422 1851 2509 1915 32
2544 1853 2724 1927 not.)

520 1975 628 2018 eas
672 1975 794 2032 res,
838 1975 999 2039 quac
1046 1953 1466 2021 definirentur
1508 1956 1880 2021 notionibus
1915 1953 2383 2020 universalibus
2418 1963 2482 2018 et
2517 1952 2729 2018 diver-

518 2077 628 2121 sae
674 2067 890 2121 essent
932 2079 968 2121 a
1004 2059 1196 2123 rebus
1234 2059 1656 2139 sensibilibuS,
1699 2052 1784 2125 τὰ
1821 2060 2095 2123 τοιαῦτα
2126 2060 2230 2137 ⁶7,
2272 2057 2450 2123 ideas
2485 2060 2727 2124 entium

519 2159 893 2246 appellavit,
950 2162 1273 2227 sensibilia
1326 2173 1532 2228 autem
1581 2166 1794 2227 omnia
1838 2184 1908 2227 re
1952 2184 2028 2226 ac
2070 2164 2335 2227 veritate
2381 2160 2461 2225 ab
2505 2163 2583 2226 iis
2627 2182 2729 2226 se·

518 2265 728 2329 iuncta
775 2284 917 2329 esse
963 2270 1237 2345 censuit,
1291 2264 1377 2331 τὰ
1422 2263 1481 2330 δ’
1520 2262 1823 2346 αἰσθητὰ
1865 2259 2083 2351 παρὰ
2126 2269 2336 2332 ταῦτα
2382 2266 2486 2330 ⁶8.
2578 2267 2728 2330 Hoc

520 2368 685 2431 enim
729 2369 1047 2456 significat
1077 2373 1561 2457 praepositione
1599 2365 1801 2456 παρά,
1846 2369 2020 2456 quod
2050 2368 2216 2434 idem
2249 2367 2568 2436 vocabulo
2592 2392 2728 2455 χω·
2822 2367 2846 2379 ’

517 2469 741 2558 pigent,
779 2469 1101 2559 χωριστός
1145 2477 1512 2562 saepissime
1559 2473 1850 2553 denotat,
1908 2473 2084 2539 ideas
2129 2494 2263 2539 non
2308 2473 2504 2539 modo
2552 2475 2730 2562 cogi-

518 2580 794 2657 tatione,
838 2580 916 2667 τῇ
960 2583 1252 2665 ἐπινοίᾳ,
1296 2581 1375 2668 τῇ
1419 2576 1790 2667 ἀφαιρέσει,
1837 2578 2127 2657 discerni,
2172 2577 2286 2643 sed
2332 2600 2403 2644 re
2448 2601 2523 2643 ac
2562 2581 2730 2643 veri-

516 2691 648 2747 tate
692 2684 944 2770 seiungi
974 2704 1010 2746 a
1040 2685 1233 2750 rebus
1269 2682 1699 2762 sensibilibus,
1743 2694 1815 2748 ut
1846 2704 2001 2747 vere
2034 2686 2334 2750 exsistant
2360 2678 2547 2770 ἕτερά
2574 2705 2727 2749 τινα

515 2786 599 2850 ⁶5
629 2797 884 2871 praeter
910 2808 1013 2850 res
1039 2789 1330 2853 sensibus
1362 2787 1699 2853 subiectas.
1768 2786 1873 2853 Cf.
1897 2786 2079 2852 Anal.
2113 2796 2280 2872 post.
2306 2787 2336 2851 1
2373 2789 2472 2852 11.
2505 2774 2628 2853 77⁶
2654 2789 2727 2851 5:

517 2886 655 2968 εἴδη
703 2889 921 2967 (ideas
964 2912 1156 2958 sensu
1201 2890 1580 2971 Platonico)
1639 2893 1757 2975 μὲν
1816 2881 1933 2956 οὖν
1985 2887 2155 2956 εἶναι
2196 2882 2241 2970 ἢ
2286 2894 2356 2954 ἕν
2397 2913 2461 2954 τι
2503 2884 2727 2979 παρὰ

517 2985 600 3055 τοὶ
655 2986 875 3058 πολλοὶ
932 2990 1051 3061 οὐκ
1107 2991 1362 3079 ἀνάγκη
1423 3000 1477 3060 εὶ
1535 2991 1864 3074 ἀπόδειξις
1908 2996 2120 3072 ἔσται,
2178 2989 2346 3059 εἶναι
2387 2997 2611 3079 μέντοι
2657 2995 2728 3059 ἓν

513 3090 720 3162 κατὰ
763 3097 1025 3163 πολλῶν
1071 3095 1329 3178 ἀληθὲς
1373 3104 1575 3167 εἰπεῖν
1620 3094 1893 3182 ἀνάγκη.
1920 3138 2009 3151 --
2047 3097 2181 3163 Sed
2215 3096 2367 3162 licet
2402 3102 2729 3164 seiunctae

512 3202 642 3265 sint
684 3222 720 3265 a
762 3201 959 3266 rebus
1004 3201 1277 3291 singulis
1336 3224 1411 3266 ac
1467 3201 1873 3269 sensibilibus
1925 3200 2139 3281 ideae,
2193 3211 2404 3266 tamen
2459 3203 2728 3268 formam

514 3307 916 3370 constituunt
959 3306 1237 3393 ideoque
1276 3328 1398 3393 pro
1439 3309 1645 3370 causis
1686 3326 1899 3371 earum
1938 3305 2273 3371 habendae
2312 3316 2475 3384 sunt,
2518 3302 2727 3372 κατὰ

511 3408 723 3472 ταῦτα
766 3407 1087 3491 λέγεσθαι
1117 3414 1222 3476 ⁶9.
1293 3413 1696 3496 Praepositio
1744 3412 1909 3475 enim
1954 3405 2128 3474 κατά
2172 3431 2312 3475 cum
2358 3413 2726 3503 accusativo

513 3512 852 3576 coniuncta
909 3534 1100 3598 quum
1159 3512 1357 3601 vulgo
1414 3512 1806 3602 respondeat
1848 3514 2114 3578 Latinae
2159 3535 2377 3600 praep.
2424 3535 2573 3600 pro
2622 3512 2726 3579 vel
2831 3555 2840 3562 -

509 3635 539 3678 s
559 3614 978 3694 ecundum,
1022 3616 1103 3680 ab
1136 3616 1479 3682 Aristotele
1525 3626 1866 3704 usurpatur
1899 3616 1979 3681 ad
2011 3616 2491 3706 significandam
2522 3620 2727 3705 ipsam

511 3739 762 3789 causam
808 3718 928 3802 (cf.
973 3719 1029 3785 Δ
1075 3723 1177 3787 18.
1227 3723 1434 3787 1022a
1474 3723 1587 3786 19:
1644 3716 1813 3797 ὅλως
1862 3721 1932 3789 δὲ
1975 3715 2053 3786 τὸ
2097 3714 2284 3787 καθὸ
2328 3725 2572 3807 ἰσαχῶς
2613 3724 2727 3789 καὶ

505 3814 585 3886 τὸ
631 3820 847 3889 αἴτιον
891 3818 1219 3909 ὑπάρξει),
1264 3828 1608 3913 praecipue
1655 3847 1790 3889 eam
1831 3828 2160 3906 rationem,
2205 3848 2324 3912 qua
2359 3826 2725 3893 universale

507 3924 782 3991 refertur
827 3925 906 3991 ad
951 3928 1251 4014 speciale,
1297 3930 1375 3994 cl'.
1411 3929 1587 3995 Alex.
1620 3952 1681 4015 p.
1718 3931 1862 4007 199,
1898 3930 2013 3993 20:
2055 3926 2222 3994 καθ’
2260 3930 2330 3995 ἓν
2371 3932 2492 4015 μὲν
2535 3927 2724 4015 λεγό·

504 4050 678 4111 μενοι
723 4029 891 4113 λέγει
935 4025 1021 4095 τοὶ
1066 4027 1413 4118 συνώνυμα
1458 4034 1576 4100 καὶ,
1601 4028 1719 4121 ὑφ’
1759 4037 1828 4098 ἕν
1864 4056 1926 4097 τι
1960 4025 2185 4103 κοινὸν
2222 4037 2583 4119 τεταγμένα
2619 4038 2726 4118 γέ·-

504 4155 621 4208 νος
669 4142 733 4198 et
772 4132 841 4197 B
884 4135 945 4198 3.
992 4137 1152 4201 998⁶
1193 4138 1254 4201 8.
1317 4139 1385 4202 Γ
1419 4141 1481 4202 ’2.
1533 4137 1741 4201 1004α
1782 4138 1884 4202 19.
1949 4138 2003 4202 Δ
2049 4139 2411 4204 10.>1018a
2445 4140 2552 4203 36.
2623 4141 2724 4204 11.

512 4237 722 4301 loma
754 4237 853 4303 12.
904 4235 983 4301 al.
1060 4235 1250 4304 Idcae
1293 4243 1488 4327 igitur
1536 4243 1864 4305 seiunctae
1895 4244 2255 4307 exsistentia
2291 4263 2325 4305 a
2358 4240 2550 4307 rebus
2581 4265 2724 4309 sen-

445 4364 450 4368 ’
501 4339 799 4413 sibilibus
846 4341 962 4410 has
1006 4362 1119 4409 sua
1163 4341 1438 4410 induunt
1482 4345 1702 4423 forma,
1749 4354 1818 4413 ut
1863 4367 1963 4410 res
2009 4345 2345 4412 sensibiles
2389 4368 2507 4432 per
2546 4346 2724 4413 ideas
