3043 4973
373 307 376 308 ,
475 247 621 326 354
1277 253 1353 321 Ζ
1401 245 1511 322 15.
1597 245 1866 322 10400.

478 425 1109 492 circumscribendam
1154 443 1380 490 unam
1426 445 1693 490 numero
1737 423 1964 488 ideam.
2052 422 2185 488 Sed
2244 424 2470 489 dixerit
2518 423 2685 508 quis·
2804 452 2811 460 ·

476 534 665 618 piam,
708 551 782 595 ea
828 533 1103 609 nomina,
1148 528 1374 614 quibus
1421 532 1562 614 quis
1595 537 1809 593 utatur
1837 528 1919 592 ad
1952 526 2380 592 definiendam
2411 525 2685 612 aliquam

477 634 714 713 ideam,
767 631 1020 721 singula
1067 632 1321 719 quidem
1368 654 1486 719 per
1528 654 1600 697 se
1642 632 1831 697 latius
1875 640 2123 718 patere,
2182 630 2297 694 sed
2344 634 2684 695 coniuncta

478 739 641 802 hanc
670 755 856 801 unam
888 736 1402 800 circumscribere
1432 735 1659 800 ideam.
1721 733 1795 800 ld
1825 738 2026 820 ipsum
2058 733 2278 798 iisdem
2311 755 2519 820 prope
2550 756 2688 798 ver-

479 842 579 906 bis
621 839 995 906 Aristoteles
1038 841 1462 904 necessarium
1511 838 1663 904 dicit
1708 860 1849 903 esse
1888 838 1970 903 ad
2006 837 2440 904 conficiendas
2479 840 2688 902 notio·

480 963 598 1010 nes
635 947 753 1009 An.
792 954 959 1030 post.
996 941 1059 1008 ΙΙ
1105 946 1206 1008 13.
1250 944 1374 1008 9611
1409 944 1527 1008 32:
1571 939 1655 1007 τὰ
1701 937 1783 1023 δὴ
1828 945 2104 1007 τοιαῦτα
2148 945 2302 1020 (int.
2351 935 2432 1005 τά
2477 947 2548 1007 ἐν
2593 942 2689 1023 τῷ

479 1049 550 1114 τί
589 1053 727 1114 ἐστι
769 1042 1353 1133 κατηγορούμενα)
1397 1048 1680 1125 ληπτέον
1717 1049 1904 1132 μέχρι
1939 1039 2193 1122 τούτου,
2237 1049 2355 1120 ἕως
2392 1046 2690 1109 τοσαῦτα
2746 1110 2758 1114 ,

481 1152 722 1242 ληφθῇ
768 1151 1047 1238 πρῶτον,
1092 1140 1184 1214 ὧν
1217 1154 1493 1215 ἕκαστον
1529 1152 1650 1234 μὲν
1687 1151 1793 1214 ἐπὶ
1829 1149 2056 1213 πλεῖον
2089 1143 2379 1233 ὑπάρξει,
2417 1144 2686 1211 ἅπαντα

479 1257 556 1320 δὲ
595 1249 688 1337 μὴ
725 1255 827 1318 ἐπὶ
865 1256 1095 1319 πλέον·
1139 1248 1387 1331 ταύτην
1424 1246 1554 1338 γὰρ
1591 1247 1847 1336 ἀνάγκη
1886 1249 2123 1316 οὑσίαν
2159 1248 2326 1316 εἶναι
2364 1251 2485 1316 τοῦ
2517 1246 2689 1335 πρά-

480 1377 751 1444 γματος.
840 1358 968 1421 Iam
1015 1378 1206 1442 quum
1250 1359 1318 1419 in
1363 1355 1483 1418 hac
1527 1354 1673 1443 lege
1718 1355 1848 1421 illic
1887 1358 2259 1440 acquiescat,
2306 1353 2413 1418 ubi
2455 1355 2537 1419 de
2574 1373 2688 1418 no-

480 1464 675 1527 tionis
705 1460 1099 1525 -definitione
1142 1462 1370 1547 agitur,
1416 1480 1549 1524 non
1594 1462 1743 1523 item
1789 1459 1915 1522 hoc
1955 1457 2107 1524 loco
2153 1479 2342 1544 quum
2391 1458 2473 1522 de
2517 1457 2690 1521 idea-

479 1585 617 1632 rum
663 1564 1041 1630 definitione
1088 1564 1391 1650 disputat,
1436 1572 1931 1628 consentaneum
1978 1571 2076 1626 est
2118 1561 2283 1625 hauc
2327 1562 2690 1647 discrepan-

483 1671 634 1733 tiam
678 1668 1092 1754 repetendam
1138 1687 1279 1732 esse
1326 1688 1400 1731 ex
1446 1675 1529 1730 eo
1573 1666 1951 1745 discrimine,
1997 1664 2167 1750 quod
2205 1664 2383 1731 ideas
2421 1670 2587 1729 inter
2625 1676 2690 1730 et

481 1774 784 1837 notiones
828 1771 1193 1849 intercedit,
1249 1774 1541 1835 nimirum
1597 1769 1769 1856 quod
1820 1768 1970 1833 illae
2015 1779 2164 1833 sunt
2206 1767 2375 1834 καθ’
2413 1774 2691 1835 ἕκαστον

483 1886 549 1940 et
586 1876 922 1961 χωρισταί,
964 1873 1084 1937 hae
1127 1893 1285 1937 vero
1331 1895 1485 1938 non.
1560 1875 1645 1937 Et
1684 1894 1868 1938 unam
1907 1872 2160 1959 quidem
2196 1881 2468 1951 causam,
2513 1873 2688 1958 quod

482 1990 630 2042 sunt
672 1975 839 2042 καθ’
880 1982 1186 2054 ἕκαστον,
1242 1979 1579 2042 manifesto
1627 1980 1884 2063 respicit
1925 1981 1993 2041 in
2040 1987 2309 2042 extrema
2358 1999 2690 2066 argumen—

483 2084 730 2146 tatione
770 2081 1128 2158 ‹127-114,
1187 2083 1444 2146 alteram
1491 2092 1728 2159 autem,
1788 2082 1964 2167 quod
2021 2092 2171 2147 sunt
2217 2084 2563 2168 χωρισταί,
2617 2084 2688 2145 in

483 2184 604 2247 hac
659 2187 859 2270 prima
916 2191 1463 2271 argumentatione
1520 2184 1771 2250 videtur
1813 2188 2156 2273 cogitasse,
2216 2187 2294 2251 cf.
2334 2185 2688 2265 oelss-ffl,

481 2286 628 2365 sed,
674 2290 725 2350 si
772 2295 944 2351 recte
989 2287 1353 2353 Aristotelis
1398 2299 1672 2354 mentem
1717 2311 2043 2375 assequor,
2089 2289 2497 2376 ambiguitate
2540 2309 2688 2374 qua·

483 2389 629 2455 dam
687 2388 940 2454 dicendi
999 2390 1306 2477 deceptus
1354 2402 1469 2457 est.
1561 2393 1707 2457 Hoc
1752 2397 1918 2457 enim
1964 2393 2118 2458 dicit
2158 2395 2319 2458 «1142
2378 2397 2432 2457 εὶ
2477 2394 2546 2458 δέ
2592 2413 2692 2469 τις

481 2496 655 2586 φαίη
695 2496 896 2580 χωρὶς
938 2496 1057 2579 μὲν
1097 2492 1321 2560 ,πάντα
1365 2498 1651 2573 πολλοῖς,
1696 2493 1840 2580 ἅμα
1886 2499 1954 2563 δὲ
1997 2494 2181 2582 μόνῳ
2223 2493 2434 2580 τούτῳ
2477 2492 2689 2582 ὑπάρ-

476 2620 635 2684 χειν,
680 2599 940 2663 λεκτέον
981 2602 1244 2680 πρῶτον
1287 2602 1407 2682 μὲν
1453 2596 1558 2664 ὅτι
1598 2602 1710 2665 καὶ
1756 2597 2030 2690 ἀμφοῖν,
2076 2594 2219 2666 οἷον
2263 2595 2340 2664 τὸ
2386 2601 2554 2684 ζῷον
2588 2601 2687 2665 δί-

479 2724 652 2768 πουν
706 2704 798 2784 τῷ
854 2698 996 2785 ζῴῳ
1050 2704 1162 2767 καὶ
1217 2704 1312 2786 τῷ
1367 2704 1609 2770 δίποδι.
1697 2704 2095 2792 Ambiguitas
2151 2705 2333 2768 verbi
2374 2700 2690 2790 ὑπάρχειν

482 2804 736 2869 videtur
778 2804 1064 2871 fraudem
1110 2806 1355 2871 fecisse.
1438 2808 1746 2872 Nimirum
1797 2818 2014 2872 notum
2063 2817 2160 2871 est
2201 2803 2518 2893 ὑπάρχειν
2559 2809 2691 2872 τινί

483 2905 711 2972 eodem
753 2907 895 2972 fere
939 2928 1130 2973 sensu
1173 2909 1301 2973 dici
1347 2931 1422 2973 ac
1463 2913 1989 2996 κατηγορεῖσθαι
2030 2906 2203 2976 κατά
2248 2932 2450 2989 τινος,
2494 2922 2561 2977 et
2604 2930 2686 2976 eo

483 3009 736 3097 quidem
781 3031 973 3075 sensu
1018 3023 1384 3098 usurpatum
1434 3022 1546 3091 est,
1593 3036 1782 3099 quum
1823 3014 2075 3080 dicitur:
2119 3007 2197 3078 τὸ
2241 3014 2410 3097 ζῷον
2453 3015 2688 3091 δίπουν

478 3109 758 3201 ὑπάρχει
798 3109 981 3198 μόνῳ
1022 3111 1259 3200 τούτῳ,
1307 3113 1452 3182 οἷον
1494 3120 1587 3199 τῷ
1631 3113 2002 3205 ἀνθρώπῳ,
2047 3121 2088 3182 i.
2127 3141 2180 3183 e.
2230 3118 2460 3183 animal
2503 3118 2687 3205 bipes

479 3238 613 3283 non
661 3218 743 3282 de
788 3218 918 3282 alio
962 3220 1392 3305 praedicatur,
1438 3222 1562 3284 nisi
1607 3220 1689 3285 de
1734 3222 2009 3285 homine.
2101 3224 2255 3287 Eam
2302 3228 2355 3287 si
2401 3234 2687 3288 tenemus

482 3324 605 3386 vim
650 3322 849 3400 verbi,
892 3344 1097 3410 genus
1142 3319 1416 3408 ὑπάρχει
1459 3325 1808 3410 speciebus,
1854 3347 1987 3389 non
2021 3330 2269 3413 species
2305 3331 2528 3414 generi
2564 3326 2684 3409 (cf.

480 3424 625 3491 Cat.
658 3429 719 3491 5.
750 3428 823 3491 211
847 3427 992 3506 20),
1036 3430 1232 3514 igitur
1274 3426 1444 3509 ζῷον
1487 3441 1555 3492 et
1596 3429 1831 3494 δίπουν
1874 3429 2144 3494 dicenda
2189 3439 2336 3494 sunt
2372 3426 2688 3516 ὑπάρχειν

477 3531 570 3611 τῷ
628 3528 849 3593 δίποδι
905 3525 1075 3612 ζῴῳ,
1131 3550 1254 3594 nec
1297 3541 1514 3616 potest
1560 3530 1681 3596 dici
1730 3526 1807 3597 τὸ
1858 3533 2027 3616 ζῷον
2083 3535 2316 3599 δίπουν
2369 3529 2686 3621 ὑπάρχειν

476 3633 569 3715 τῷ
615 3628 755 3715 ζῴῳ
798 3634 910 3697 καὶ
954 3633 1047 3713 τῷ
1090 3632 1328 3697 δίποδι.
1420 3633 1621 3718 Quod
1667 3657 1855 3721 quum
1902 3636 2101 3701 nihilo
2159 3640 2364 3701 minus
2423 3647 2688 3701 conten-

479 3733 591 3800 dat
636 3735 1046 3812 Aristoteles,
1104 3747 1544 3802 commutatam
1607 3759 1749 3802 esse
1803 3750 2068 3824 apparet
2116 3743 2243 3804 vim
2287 3761 2430 3804 voc.
2475 3736 2685 3825 ὑπάρ-

469 3860 642 3922 χειν,
704 3849 776 3903 ut
832 3860 967 3907 non
1026 3839 1346 3926 significet
1394 3863 1536 3905 esse
1580 3844 1647 3905 in
1693 3843 2025 3929 complexu
2075 3843 2373 3923 (Inhalt)
2419 3843 2684 3910 alicuius

474 3942 778 4020 notionis,
815 3942 930 4006 sed
972 3946 1285 4007 contineri
1323 3947 1393 4011 in
1430 3947 1567 4009 eius
1607 3946 1847 4011 ambitu
1885 3954 1911 4026 (
1933 3946 2281 4032 Πηρίαης),
2321 3948 2493 4032 quod
2531 3947 2681 4011 alibi

474 4065 536 4106 v.
582 4047 866 4128 μετέχειν
910 4045 1330 4133 significatum
1377 4048 1661 4136 legimus,
1708 4051 1787 4113 cf.
1823 4053 1990 4137 Top.
2024 4052 2121 4114 lV
2154 4054 2211 4115 l.
2249 4053 2413 4115 1211:
2444 4053 2554 4116 12:
2599 4044 2684 4115 w>

471 4149 592 4231 μὲν
636 4147 773 4226 εἴδη
818 4152 1065 4233 μετέχει
1121 4152 1250 4215 τῶν
1305 4153 1541 4233 γενῶν,
1599 4147 1684 4217 τὰ
1734 4155 1802 4219 δὲ
1845 4157 2000 4235 γένη
2043 4157 2175 4218 τῶν
2218 4152 2405 4220 εἰδῶν
2451 4147 2548 4219 οὔ.
2593 4190 2680 4207 --

469 4252 649 4316 Haec
691 4253 746 4316 si
791 4273 944 4317 vere
989 4252 1303 4338 disputata
1349 4263 1514 4332 sunt,
1561 4276 1694 4319 non
1736 4257 1961 4319 iniuria
2001 4256 2309 4321 fallaciam
2351 4278 2682 4346 argumen-

470 4355 648 4420 tandi
691 4353 963 4420 videbor
1018 4358 1361 4422 incusasse.
1449 4357 1582 4423 lam
1626 4379 1782 4424 vero
1833 4363 2131 4445 quoniam
2176 4365 2244 4425 in
2288 4361 2541 4426 animali
2587 4361 2683 4426 bi-
