3043 4973
1157 251 1263 321 M
1304 247 1393 323 3.-
1455 245 1724 325 107712.
2398 250 2546 327 533

336 426 424 490 tia
470 425 685 509 priora
732 424 870 492 aliis
918 446 991 488 ea
1038 434 1214 505 sunt,
1274 444 1435 512 quae
1492 430 1758 495 seorsim
1818 448 1895 492 ac
1949 448 2065 514 per
2121 447 2193 493 se
2241 428 2383 495 sine
2428 426 2552 497 illis

333 538 608 613 possunt
654 546 823 606 esse,
883 523 1014 594 ὅσα
1058 524 1469 616 χωριζόμενα
1510 530 1606 614 τῷ
1649 527 1819 598 εἶναι
1862 525 2411 616 ὑπερβάλλειᾛΒ,
2468 532 2549 599 cf.

332 631 386 697 A
422 634 531 696 11.
574 634 785 701 1019·
817 635 889 698 3:
948 628 1077 698 ὅσα
1122 633 1448 717 ἐνδέχεται
1490 627 1663 698 εἶναι
1705 627 1866 700 ἄνευ
1909 627 2161 711 ἄλλων,
2218 639 2435 701 ἐκεῖνα
2479 635 2550 702 δὲ

332 728 489 800 ἄνευ
533 730 782 801 τούτων
824 732 946 819 μήτ
1006 738 1277 801 notione
1336 745 1543 803 autem
1604 739 1856 821 priores
1899 736 2194 824 singulae
2238 748 2391 807 sunt
2432 759 2551 805 no*

332 849 432 903 tae
471 860 654 924 quam
688 839 799 905 illa
834 843 1034 918 notin,
1078 860 1243 926 quae
1278 862 1353 904 ex
1387 843 1464 904 iis
1501 838 1823 919 coalescit,
1869 841 1947 905 cf.
1980 843 2034 909 A
2066 843 2170 909 11.
2203 842 2410 909 10186
2429 843 2550 909 35:

331 939 502 1009 κατὰ
561 938 762 1026 λόγον
820 944 890 1009 δὲ
946 937 1024 1008 τὸ
1084 939 1497 1027 συμβεβηκὸς
1541 947 1664 1015 τοῦ
1707 940 1871 1015 ὅλου
1913 939 2240 1031 πρότερον
2298 946 2417 1023 (cf.
2465 945 2546 1013 ad

333 1049 395 1111 Z
423 1049 525 1112 10.
562 1049 765 1113 10:351·
782 1047 904 1127 4),
961 1046 1069 1113 vel
1124 1057 1197 1115 ut
1254 1047 1382 1112 hoc
1426 1051 1571 1134 ipso
1627 1047 1778 1115 loco
1824 1049 1916 1112 ait
1955 1069 2178 1137 parum
2225 1058 2547 1119 accurator

333 1147 509 1217 ὅσων
553 1154 619 1217 οἱ
663 1145 852 1242 λόγοι
894 1156 968 1215 ὲκ
1011 1151 1142 1216 τῶν
1185 1147 1400 1234 λόγων
1436 1154 1540 1218 ῠ3.
1616 1154 1884 1233 (Parum
1930 1162 2226 1219 accurate
2260 1152 2420 1219 haec
2455 1153 2547 1218 di-

330 1265 430 1319 cta
476 1255 782 1329 arbitron
843 1258 966 1321 nisi
1012 1259 1179 1319 enim
1223 1254 1524 1341 vulgatae
1569 1257 2069 1341 praepositionis
2113 1260 2184 1321 ἐκ
2228 1255 2546 1344 significa.-

331 1361 491 1423 tioni
536 1361 661 1422 vim
708 1357 1013 1425 adhibere
1059 1357 1359 1436 volueris
1403 1358 1564 1424 haec
1607 1358 1805 1424 verba
1848 1379 1983 1425 non
2020 1356 2393 1427 describunt
2429 1378 2546 1427 no-

331 1472 426 1527 tas
471 1464 786 1540 notionis,
845 1483 1010 1548 quae
1068 1460 1392 1530 debebant
1444 1461 1747 1541 describi,
1805 1462 1921 1527 sed
1966 1466 2297 1531 notionem
2342 1465 2544 1550 ipsam

331 1588 406 1631 ex
450 1570 626 1632 notis
674 1569 1152 1653 compositam.)
1241 1568 1373 1631 lam
1431 1587 1568 1635 non
1613 1587 1810 1651 posse
1854 1566 2076 1632 eadem
2123 1576 2190 1635 et
2229 1561 2545 1650 οὐσίᾳ-οι

329 1667 503 1754 λόγῳ
562 1674 780 1756 priora
840 1691 1010 1748 esse,
1070 1691 1144 1734 ex
1200 1673 1337 1756 ipsa
1397 1668 1777 1737 discriminis
1834 1668 2215 1739 definitione
2259 1680 2539 1756 apparet.

330 1774 489 1839 Inde
537 1784 1032 1839 consentaneum
1078 1784 1204 1853 est,
1250 1773 1577 1859 quomodo
1625 1794 1727 1840 res
1771 1776 2249 1843 mathematicae
2292 1777 2543 1860 priores

331 1877 709 1943 statuendae
753 1882 883 1943 sint
927 1878 1118 1945 rebus
1162 1877 1601 1955 sensibilibus,
1656 1877 1722 1945 id
1777 1877 1951 1964 quod
2003 1875 2239 1947 deinde
2286 1878 2541 1945 uberius

328 1985 611 2070 exponit.
640 2018 726 2030 -—
760 1983 846 2049 ⁶3
883 1986 937 2047 εὶ
970 1973 1063 2065 μὴ
1099 1983 1236 2049 ἔστι
1268 1976 1355 2046 τὰ
1386 1977 1589 2065 πάθη
1622 1974 1810 2069 παρὰ
1842 1974 1965 2056 τὰς
1999 1977 2248 2058 οὐσίας,
2279 1980 2357 2045 cf.
2390 1982 2454 2049 Z
2479 1982 2538 2045 1.

332 2124 411 2137 -
447 2090 531 2150 ⁶9
564 2082 635 2163 ἐξ
672 2082 1097 2175 ἀφαιρέσεως,
1130 2089 1200 2151 ὲκ
1232 2088 1681 2173 προσθέσεως,
1716 2084 1796 2149 cf.
1828 2084 1910 2150 ad
1934 2084 2007 2148 A
2030 2085 2094 2149 2.
2126 2084 2294 2153 98211
2319 2084 2425 2155 27,
2454 2120 2535 2139 -·

327 2192 459 2255 all
504 2193 573 2255 ὲκ
610 2191 1040 2276 προσθέσεως
1076 2189 1183 2271 τῷ
1220 2190 1465 2271 λευκῷ
1501 2189 1657 2266 xri„
1702 2209 1838 2255 non
1869 2187 2122 2255 videtur
2150 2186 2536 2275 significare:

326 2314 408 2360 eo
454 2292 629 2378 quod
677 2292 931 2361 additur
971 2295 1064 2375 τῷ
1108 2292 1310 2374 λευκῷ
1356 2289 1393 2356 ὁ
1435 2286 1818 2377 ἄνθρωπος,
1861 2290 1979 2357 sed
2018 2293 2262 2378 potius:
2305 2313 2423 2377 por
2459 2284 2538 2363 τὸ,

327 2392 572 2475 λευκόν,
620 2396 794 2482 quod
842 2396 1096 2465 additur
1139 2394 1219 2461 ad
1256 2396 1593 2474 hominem,
1643 2398 1881 2463 exsistit
1909 2397 2103 2465 homo
2134 2395 2345 2472 albus;
2391 2405 2536 2483 nam

327 2512 823 2570 consentaneum
883 2512 980 2566 est
1036 2503 1355 2572 hominem
1407 2500 1636 2569 subiici
1684 2500 1922 2580 colori,
1979 2504 2084 2586 qui
2133 2504 2190 2566 ei
2234 2501 2537 2578 inhaeret,

327 2627 463 2675 non
507 2615 750 2678 eontra.
842 2604 973 2676 Sed
1032 2602 1283 2674 facilius
1342 2613 1410 2667 et
1454 2606 1665 2689 aptius
1709 2605 1836 2670 hoc
1878 2603 2223 2692 significari
2267 2603 2537 2684 videtur,

328 2713 382 2774 si
423 2711 850 2795 receperimus
893 2707 1237 2775 lectionem
1279 2707 1459 2772 Alex.
1506 2730 1570 2792 p.
1604 2710 1751 2787 710,
1791 2710 1902 2774 14:
1950 2709 2070 2774 τοῦ
2110 2708 2357 2780 zamae.

1217 2965 1447 3046 CAP.
1514 2967 1653 3041 111.

464 3116 541 3193 o)
584 3111 725 3180 Res
770 3110 1259 3180 mathematicas
1302 3113 1702 3200 cogitatione
1734 3115 1961 3198 potius
2001 3119 2065 3176 et
2099 3057 2536 3176 abstrahendo

327 3218 656 3284 seiunctas
692 3239 834 3284 esse
868 3241 913 3283 a
938 3216 1130 3282 rebus
1157 3215 1594 3297 sensibilibus,
1629 3238 1762 3284 non
1788 3239 1864 3282 re
1892 3224 1956 3282 et
1984 3215 2289 3295 essentia,
2327 3214 2452 3282 107
2463 3212 2533 3278 711

330 3321 736 3385 14—10780
767 3323 828 3385 6.

461 3439 647 3506 Plato
696 3449 769 3503 et·
802 3438 977 3503 ideas
1024 3451 1089 3528 et
1133 3462 1234 3508 res
1279 3440 1750 3508 mathematicas
1785 3438 2080 3508 absolute
2112 3449 2178 3508 et
2206 3446 2533 3524 separatas

329 3564 364 3610 a
410 3543 600 3608 rebus
646 3542 1052 3608 sensibilibus
1110 3547 1411 3612 exsistere
1468 3552 1810 3629 propterea
1853 3546 2102 3622 statuit,
2157 3552 2230 3609 ut
2272 3543 2535 3610 seientia

327 3646 434 3712 vel
488 3646 933 3732 philosophica
990 3647 1096 3712 vel
1152 3649 1592 3714 mathematica
1649 3646 1915 3714 haberet
1972 3663 2105 3732 quo
2162 3646 2534 3720 referretun

328 3750 706 3818 Aristoteles
755 3772 938 3837 quam
984 3750 1110 3815 hoc
1152 3750 1304 3818 loco
1344 3754 1610 3838 exponit
1649 3761 1714 3816 et
1750 3750 1902 3816 alibi
1934 3752 2306 3837 saepissime
2340 3753 2535 3835 respi-

328 3858 416 3922 cit
457 3855 577 3936 (οῖ.
610 3855 680 3921 K
709 3857 768 3920 3.
804 3856 1014 3920 1061α
1037 3856 1145 3921 28.
1195 3857 1258 3920 Ζ
1284 3858 1386 3922 10.
1422 3856 1632 3922 1036α
1657 3858 1717 3919 9.
1771 3856 1890 3920 An.
1920 3865 2089 3940 post.
2117 3856 2148 3919 Ι
2184 3856 2290 3920 13.
2325 3856 2443 3921 79·
2471 3856 2531 3922 7.

329 3959 522 4044 Phys.
554 3959 617 4023 11
651 3960 720 4026 2.
752 3960 913 4025 1931»
938 3961 1043 4026 31.
1103 3958 1186 4024 de
1217 3981 1318 4025 an.
1349 3960 1440 4026 111
1478 3962 1538 4026 7.
1575 3960 1734 4028 4311»
1759 3959 1845 4024 25
1884 3967 1949 4024 et
1984 3958 2068 4024 ad
2106 3959 2166 4023 h.
2189 3957 2234 4023 l.
2293 3956 2530 4024 Trend.

328 4062 397 4126 8.
429 4062 595 4125 432a
614 4065 689 4130 ,5.
735 4065 929 4132 Biese
962 4065 1149 4130 Arist.
1177 4063 1255 4128 11.
1285 4086 1347 4149 p.
1371 4065 1547 4145 216)
1580 4061 1662 4127 de
1691 4060 1884 4130 rebus
1911 4063 2361 4130 mathematicis
2391 4082 2532 4127 sen-

330 4167 607 4243 tentiam,
646 4187 720 4230 ea
752 4171 1066 4236 contraria
1098 4170 1322 4236 nititur
1351 4169 1634 4243 ratione3
1675 4168 1967 4232 nimirum
1998 4175 2071 4232 nt
2096 4168 2359 4234 seientia
2392 4187 2533 4232 esse

330 4271 539 4354 possit
583 4267 846 4336 alicuius
890 4274 984 4336 rei
1030 4293 1230 4358 eaque
1273 4293 1448 4340 suam
1492 4269 1730 4338 habeat
1771 4273 2101 4337 veritatem
2145 4293 2223 4336 ac
2265 4270 2533 4357 dignita·

330 4381 486 4451 tem,
543 4391 679 4440 non
736 4393 900 4460 opus
960 4393 1102 4442 esse
1154 4374 1307 4446 dicit
1352 4377 1456 4444 Ar.
1507 4395 1646 4444 eam
1690 4395 1853 4454 rem,
1907 4378 2085 4441 cinus
2129 4377 2212 4442 sit
2254 4374 2534 4451 scientia,
