3043 4973
479 244 626 318 510
1302 248 1382 317 Λ
1431 242 1501 315 8.
1585 240 1771 316 1074
1787 244 1870 315 αξ

480 422 571 504 τῷ
615 416 778 503 ἡλίῳ
822 412 914 503 μὴ
958 418 1358 503 προστιθείη
1404 440 1500 492 τις
1546 412 1627 493 ἃς
1680 414 1946 499 εἴπομεν
1987 410 2296 494 κινήσεις,
2356 418 2428 479 αἱ
2468 417 2683 480 πᾶσαι

480 530 764 610 σφαῖραι
808 523 1071 588 ἔσονται
1114 516 1279 585 ἑπτά
1322 541 1392 583 τε
1437 521 1550 583 καὶ
1592 513 2110 605 τεσσαράκοντα.
2187 520 2495 583 Nimirum
2540 539 2681 582 ver-

478 625 609 691 bis:
652 619 733 700 ἂς
777 629 1042 707 εἴπομεν
1086 618 1366 702 κινήσεις
1408 622 1755 708 significari
1803 631 2069 686 censent
2111 622 2409 706 sphaeras
2455 644 2493 684 a
2531 619 2683 686 Cal·

477 728 656 813 lippo
705 726 978 801 additas3
1038 735 1104 790 at
1160 728 1212 790 si
1258 725 1440 811 binas
1488 724 1643 789 solis
1690 735 1755 789 et
1797 724 1990 788 lunae
2036 745 2112 788 ac
2156 723 2339 788 simul
2385 723 2542 788 duas
2585 744 2681 787 re-

476 831 815 895 volventes
870 828 1026 894 solis
1085 831 1400 906 omiseris,
1456 847 1593 891 non
1654 826 2072 915 quadraginta
2116 836 2362 913 septem
2408 826 2522 890 sed
2567 845 2712 889 no·-

476 956 621 999 vem
669 943 733 998 et
775 931 1190 1018 quadraginta
1236 929 1707 1014 relinquuntur3
1752 929 1925 995 unde
1967 930 2196 994 factum
2240 940 2351 1007 est,
2395 940 2466 994 ut
2495 931 2679 993 etiam

479 1035 561 1100 de
591 1056 810 1100 errore
842 1035 1244 1100 librariorum
1274 1032 1526 1120 quidam
1555 1035 2375 1120 interpretumcogitareut,
2405 1031 2482 1095 ef.
2504 1029 2680 1094 Alex.

477 1161 543 1224 p.
579 1141 726 1216 681,
770 1140 874 1206 19.
963 1136 1096 1203 Sed
1141 1146 1376 1201 textum
1430 1136 1754 1224 vulgatum
1811 1147 1876 1200 et
1926 1144 2211 1199 veterum
2263 1137 2681 1219 interpretum

478 1244 856 1307 auctoritate
911 1239 1349 1306 confirmatum
1408 1260 1541 1304 non
1600 1260 1741 1304 esse
1796 1237 2170 1304 tentandum
2225 1237 2495 1302 Krische
2550 1235 2593 1300 l.
2637 1235 2681 1300 l.

477 1347 709 1410 rectius
753 1344 1080 1430 explicatis
1122 1343 1338 1408 verbis
1371 1344 1476 1407 Ar.
1526 1342 2001 1408 demonstravit.
2075 1343 2329 1406 Etenim
2367 1360 2503 1405 non
2533 1337 2684 1405 Cal·

478 1447 640 1535 lippi
681 1448 797 1513 sed
842 1450 1038 1534 ipsius
1082 1445 1464 1525 Aristotelis,
1508 1440 1591 1523 ἃς
1636 1443 1971 1530 εἴπομεν
2014 1439 2418 1524 κινήσεις,
2460 1442 2683 1529 sphae-

477 1573 587 1616 rae
630 1550 1090 1639 intelligendae
1133 1558 1297 1630 sunt,
1344 1554 1382 1614 i.
1415 1570 1473 1616 e.
1519 1550 1825 1636 sphaerae
1860 1547 2289 1614 revolventes.
2358 1547 2487 1612 Iam
2521 1567 2682 1612 vero

476 1653 884 1720 revolventes
927 1656 1233 1741 sphaerae
1278 1662 1436 1738 quot
1469 1656 1599 1717 sint
1629 1655 1698 1717 in
1733 1672 1991 1738 quoque
2022 1651 2302 1739 planeta,
2348 1671 2384 1715 e
2411 1670 2683 1714 numero

477 1757 880 1844 sphaerarum
919 1759 1262 1844 superioris
1295 1755 1594 1842 planetae
1633 1754 1952 1834 definitur,
1993 1755 2113 1819 sed
2154 1758 2294 1840 ipsa
2325 1774 2537 1819 earum
2568 1755 2684 1828 vis,
2725 1794 2730 1799 ·

479 1862 657 1924 ouius
703 1881 892 1925 eausa
940 1860 1191 1945 positae
1247 1870 1425 1938 sunt,
1480 1879 1616 1924 non
1658 1860 1726 1923 in
1770 1860 1898 1924 hoe
1940 1862 2274 1943 superiore
2318 1855 2433 1921 sed
2476 1859 2541 1921 iu
2588 1858 2686 1919 in·-

477 1960 715 2027 feriore
751 1966 1030 2027 cernitur
1060 1962 1336 2047 planeta,
1381 1964 1559 2027 cuius
1595 1964 1859 2048 primam
1896 1963 2230 2047 sphaeram
2264 1982 2444 2024 suum
2484 1962 2548 2023 in
2587 1958 2686 2023 lo·

479 2085 620 2128 cum
657 2067 1009 2129 restituant.
1083 2067 1304 2150 Itaque
1342 2087 1530 2150 quum
1574 2064 1724 2129 dicit
1764 2067 1861 2128 «si
1896 2064 2088 2129 lunae
2128 2084 2203 2128 ac
2240 2063 2366 2128 soli
2403 2084 2538 2127 non
2577 2061 2686 2126 ad·

479 2164 820 2231 diderimus
850 2168 1150 2253 sphaeras
1178 2167 1630 2232 revolventes»
1669 2167 2030 2253 significare
2068 2175 2286 2252 potest
2323 2188 2429 2230 eas
2464 2167 2687 2252 sphae-

478 2289 582 2332 ras
639 2267 1076 2354 revplventeS,
1133 2268 1360 2354 quibus
1419 2278 1702 2347 cavetur,
1764 2291 1847 2332 ne
1906 2271 2101 2354 prima
2161 2268 2314 2332 solis
2374 2290 2448 2332 ac
2493 2268 2684 2333 lunae

478 2369 746 2455 sphaera
793 2373 1138 2456 superioris
1184 2369 1480 2456 planetae
1525 2381 1708 2435 motu
1750 2369 2182 2446 conturbetur,
2226 2368 2291 2433 id
2340 2381 2439 2434 est
2477 2382 2682 2435 autem

479 2494 587 2537 eas
633 2473 960 2560 sphaeraS,
1022 2472 1245 2558 quibus
1303 2474 1724 2540 revolvuntur
1768 2475 2072 2539 Mercurii
2130 2482 2196 2537 et
2245 2473 2399 2537 solis
2444 2485 2681 2550 motus;

479 2597 635 2661 quas
674 2577 927 2661 quidem
962 2587 1304 2662 propterea
1341 2577 1594 2642 videtur
1629 2580 1922 2642 statuisse
1959 2580 2163 2641 minus
2202 2580 2563 2640 necessario
2600 2577 2683 2640 ad

479 2677 915 2764 explicandum
961 2681 1215 2765 requiri,
1259 2683 1403 2765 quia
1452 2678 1551 2743 sol
1598 2690 1662 2744 et
1704 2679 1855 2744 luna
1898 2681 2138 2743 maiore
2183 2700 2219 2741 a
2256 2677 2516 2764 reliquis
2550 2678 2684 2768 pla-

476 2784 640 2844 netis
688 2780 1153 2867 distinguantur
1196 2781 1558 2847 intervallo.
1636 2784 1768 2846 Has
1814 2792 1964 2846 octo
2012 2782 2311 2867 sphaeras
2345 2780 2683 2846 revolven-

478 2893 575 2945 tes
620 2882 775 2947 solis
822 2894 885 2948 et
917 2885 1220 2948 Mercurii
1265 2887 1318 2948 si
1364 2887 1722 2963 omittimus
1766 2887 1820 2948 is
1865 2888 2004 2970 ipse
2052 2884 2325 2948 efficitur
2369 2905 2682 2961 numerus,

477 3006 661 3069 quem
708 2990 1098 3070 computavit
1143 2987 1542 3051 Aristoteles

512 3097 517 3102 '
609 3091 687 3168 e)
735 3089 1055 3153 1074a14
1091 3082 1178 3153 τὸ
1214 3091 1356 3173 μὲν
1396 3128 1481 3139 -
1520 3090 1605 3153 31
1650 3084 2027 3173 οὐρανόν.
2093 3087 2275 3172 Quot
2305 3089 2430 3150 sint
2458 3088 2684 3172 sphae-

475 3211 586 3254 rae
630 3192 765 3254 sive
809 3200 1021 3255 motus
1067 3191 1480 3277 planetarum,
1529 3191 1793 3255 totidem
1840 3191 2226 3256 substantias
2272 3211 2411 3255 esse
2453 3191 2680 3255 confir-

474 3303 604 3356 mat
648 3302 937 3359 aeternas
981 3306 1313 3359 moventes
1366 3296 1538 3380 ipsas
1599 3292 1983 3372 immobileS,
2036 3294 2155 3357 hac
2211 3316 2362 3358 usus
2423 3293 2683 3358 demon-

477 3399 804 3460 stratione.
881 3398 1263 3462 Necessario
1311 3396 1545 3461 confici
1591 3407 1660 3461 ut
1703 3396 1869 3460 idem
1917 3400 1997 3460 sit
2040 3396 2526 3461 substantiarum
2568 3418 2680 3461 nu-

475 3518 686 3561 merus
729 3519 805 3561 ae
847 3509 1163 3577 motuum,
1210 3503 1263 3563 si
1307 3500 1466 3564 haec
1511 3498 1641 3564 duo
1690 3509 2013 3575 constent,
2058 3520 2193 3563 non
2242 3521 2381 3564 esse
2424 3511 2677 3577 motum,

477 3603 628 3685 quin
665 3611 925 3664 moveat
962 3601 1201 3688 aliquid
1247 3603 1615 3686 (μηδεμίαν
1660 3598 1806 3666 οἷόν
1839 3598 1897 3665 τ’
1934 3598 2099 3666 εἶναι
2137 3595 2360 3690 φορὰν
2398 3597 2491 3687 μὴ
2528 3622 2676 3666 συν-

475 3705 820 3768 τείνουσαν
862 3698 1030 3790 πρὸς
1076 3698 1324 3792 ἄστρου
1369 3698 1592 3794 φοράν
1633 3701 1789 3783 1117,
1845 3704 1983 3768 πᾶν
2027 3697 2104 3768 τὸ
2151 3706 2356 3792 φέρον
2400 3706 2523 3769 τοῦ
2563 3725 2678 3789 φε-

476 3809 759 3888 ρομένου
808 3802 1008 3894 χάριν
1053 3811 1297 3895 πέφυκε
1339 3809 1530 3886 1125),
1577 3805 1809 3871 deinde
1867 3805 2277 3872 substantiam
2339 3806 2683 3892 quamlibet

476 3906 886 3974 affectionum
918 3913 1252 3975 immunem
1285 3919 1350 3974 et
1376 3909 1610 3974 bonam
1641 3932 1765 3996 pro
1794 3909 1930 3974 fine
1962 3931 2103 3973 esse
2127 3908 2504 3988 habendam,
2531 3912 2679 3974 «119.

474 4010 725 4074 Etenim
772 4014 929 4076 haec
973 4016 1026 4077 si
1074 4022 1384 4091 constant,
1428 4017 1481 4077 si
1528 4012 1746 4098 plures
1783 4021 2115 4099 ponuntur
2148 4011 2540 4077 substantiae
2578 4031 2682 4074 ae-

475 4121 694 4177 ternae
727 4110 1040 4192 ἀπαθεῒς,
1078 4114 1415 4180 conficitur
1443 4127 1515 4180 ut
1546 4116 1762 4202 plures
1793 4116 2073 4181 efficiant
2102 4124 2330 4193 motuS,
2368 4125 2679 4201 tamquam

474 4216 688 4293 τέλος,
745 4215 916 4301 quod
977 4216 1069 4280 illi
1125 4226 1336 4283 motus
1380 4229 1704 4304 appetant.
1796 4219 1986 4304 Atqui
2031 4230 2240 4282 motus
2285 4239 2419 4300 non
2464 4226 2683 4303 potest

478 4339 619 4382 esse
675 4320 800 4382 nisi
855 4317 1088 4383 habeat
1138 4319 1312 4404 quod
1356 4330 1643 4400 moveat,
1683 4323 1836 4400 a17,
1878 4322 1984 4399 25,
2023 4320 2141 4399 30,
2191 4342 2314 4394 nee
2357 4328 2572 4406 potest
2613 4321 2683 4384 in
