3043 4973
523 182 645 300 es‘
1375 226 1452 296 A
1499 224 1569 298 3.
1643 220 1869 298 9840.

528 398 940 487 ὁμοιομερῶν
975 401 1168 465 artius
1204 399 1683 477 circumscribit;
1728 419 1938 486 neque
1983 400 2150 464 enim
2196 418 2417 463 omnes
2463 419 2570 463 eas
2617 419 2735 478 res,

457 547 466 554 -
530 525 694 591 quae
741 502 913 589 quod
962 525 998 567 e
1043 502 1328 590 partibus
1377 511 1673 569 constant
1716 506 1838 590 ipsi
1882 505 1975 568 rei
2021 500 2325 567 similibus
2356 501 2737 567 Aristoteles

529 627 661 671 uno
717 608 851 671 τῶν
908 601 1319 693 ὁμοιομερῶν
1360 605 1679 672 vocabulo
1728 606 2093 692 complexus
2139 617 2261 686 est,
2323 608 2734 693 Anaxagoras

526 713 593 773 in
636 710 961 795 principiis
1005 731 1212 775 rerum
1257 710 1468 775 voluit
1506 709 1745 787 baberi,
1787 708 1903 774 sed
1950 732 2113 797 quae
2159 719 2224 774 et
2267 707 2374 773 alii
2415 720 2480 773 et
2508 709 2737 795 Empe-

528 810 751 877 docles
789 815 1099 899 principia
1137 822 1492 900 posuerunt
1529 822 1593 878 et
1626 812 1955 892 elementa,
1998 824 2227 878 terram
2266 834 2490 899 aquam
2526 816 2735 875 ae‘rem

526 919 757 1003 ignem,
803 937 876 979 ea
919 919 1308 1002 potissimum
1341 920 1478 1002 ipse
1510 939 1587 981 ex
1616 918 1911 981 mistione
1941 917 2210 1003 quadam
2242 927 2383 980 orta
2415 936 2558 979 esse
2590 935 2737 979 cen-

529 1021 672 1097 suit,
717 1017 795 1083 cf.
844 1018 926 1084 de
965 1019 1152 1084 coelo
1185 1003 1277 1084 111‘
1307 1022 1368 1085 3.
1400 1022 1569 1085 302a
1592 1022 1705 1087 28:
1746 1015 2195 1107 Ἀναξαγόρας
2233 1017 2287 1084 δ’
2327 1017 2737 1102 Ἐμπεδοκλεῖ

529 1124 839 1200 ἐναντίως
882 1123 1050 1206 λέγει
1091 1123 1240 1209 περὶ
1282 1125 1413 1187 τῶν
1459 1125 1810 1207 στοιχείων.
1880 1119 1917 1187 ὁ
1962 1126 2083 1209 μὲν
2125 1117 2253 1209 γὰρ
2299 1123 2428 1208 πῦρ
2465 1122 2576 1186 καὶ
2610 1120 2736 1203 γῆν

529 1228 642 1290 καὶ
685 1223 769 1291 τοὶ
814 1222 1130 1310 σύστοιχα
1175 1221 1431 1302 τούτοις
1474 1223 1766 1311 στοιχεῖά
1801 1247 2006 1314 φησιν
2046 1222 2213 1290 εἶναι
2245 1226 2378 1289 τῶν
2413 1220 2736 1309 σωμάτων

530 1329 642 1393 καὶ
679 1330 1072 1411 συγκεῖσθαι
1101 1324 1295 1394 πάντ’
1331 1334 1400 1393 ὲκ
1434 1324 1697 1407 τούτων,
1729 1325 2178 1415 Ἀναξαγόρας
2211 1329 2279 1393 δὲ
2315 1325 2734 1393 τούναντίον·

530 1425 614 1494 τοὶ
658 1424 786 1517 γάρ
834 1428 1194 1519 ὁμοιομερῆ
1240 1442 1525 1519 στοιχεῖα
1572 1432 1773 1515 (λέγω
1819 1429 1877 1496 δ’
1918 1428 2063 1497 οἷον
2100 1429 2314 1517 σάρκα
2349 1434 2461 1496 καὶ
2498 1429 2738 1496 ὀστοῦν

526 1534 640 1598 καὶ
682 1535 815 1598 τῶν
856 1530 1169 1600 τοιούτων
1215 1539 1546 1615 ἕκαστον),
1594 1530 1759 1619 ἀέρα
1806 1534 1875 1600 δὲ
1919 1537 2032 1600 καὶ
2072 1538 2201 1618 πῦρ
2236 1541 2450 1619 μῖγμα
2486 1528 2737 1598 τούτων

526 1638 637 1702 καὶ
681 1639 810 1701 τῶν
854 1631 1071 1704 ἄλλων
1117 1634 1508 1725 σπερμάτων
1552 1633 1851 1703 πάντων·
1898 1634 2065 1703 εἶναι
2106 1632 2235 1723 γάρ
2272 1633 2582 1721 ἑκάτερον
2619 1631 2737 1699 αὐ-

525 1742 657 1805 τῶν
685 1737 753 1819 ἐξ
782 1737 1088 1825 ἀοράτων
1125 1739 1536 1829 ὁμοιομερῶν
1569 1736 1836 1806 πάντων
1864 1738 2352 1827 ἠθροισμένων.
2397 1740 2478 1805 de
2514 1760 2734 1827 gener.

528 1843 557 1907 Ι
594 1845 653 1906 l.
691 1844 859 1908 31411
884 1845 990 1909 24.
1059 1845 1217 1910 Inde
1257 1845 1437 1909 simul
1476 1842 1906 1932 cognoscitur,
1952 1844 2279 1930 quomodo
2318 1841 2735 1930 intelligenda

525 1949 651 2010 sint
687 1947 885 2011 verba
923 1945 1237 2035 καθάπερ
1276 1943 1449 2034 ὕδωρ
1494 1940 1542 2026 ἢ
1584 1950 1711 2034 πῦρ
1750 1950 1916 2025 α14ς
1962 1970 2097 2013 non
2146 1946 2498 2034 exempla
2548 1945 2737 2010 affert

528 2071 741 2114 earum
783 2072 994 2115 rerum
1033 2048 1455 2138 ὁμοιομερῶν,
1502 2073 1575 2115 ex
1613 2073 1871 2137 quarum
1911 2055 2206 2117 mistione
2242 2073 2492 2116 omnem
2527 2072 2733 2114 rerum

524 2156 893 2219 varietatem
939 2156 1350 2242 Anaxagoras
1396 2158 1747 2240 repetierit,
1795 2155 1968 2241 quod
2018 2166 2083 2219 et
2125 2167 2441 2243 repugnat
2484 2155 2733 2241 placitis

526 2258 960 2345 Anaxagoreis
1017 2256 1214 2321 modo
1274 2261 1580 2323 enarratis
1638 2280 1846 2344 neque
1891 2281 2007 2345 per
2051 2270 2211 2346 part.
2259 2255 2572 2342 καθάπερ
2618 2255 2731 2321 sed

524 2381 641 2446 per
698 2382 839 2425 voc.
891 2353 1034 2426 οἷον
1091 2360 1578 2447 significandum
1635 2372 1795 2440 erat,
1853 2384 2071 2427 verum
2132 2365 2346 2450 potius
2404 2365 2735 2426 notionem

523 2465 656 2529 τῶν
692 2460 1101 2550 ὁμοιομερῶν
1141 2458 1599 2555 comparata
1641 2489 1841 2552 aquae
1880 2478 1944 2531 et
1978 2470 2145 2555 ignis
2178 2477 2403 2532 natura
2439 2465 2732 2530 illustrat.

525 2569 739 2655 Prope
778 2590 999 2633 omnes
1038 2569 1180 2633 illas
1218 2592 1338 2649 reS,
1385 2574 1486 2651 ait,
1532 2592 1801 2635 numero
1840 2569 2137 2651 infinitas,
2182 2593 2345 2657 quae
2378 2581 2593 2657 partes
2628 2570 2736 2632 ha-

523 2670 683 2736 bent
724 2675 847 2759 ipsi
891 2675 987 2737 rei
1033 2674 1267 2738 similes
1315 2674 1587 2740 eundem
1624 2678 1690 2738 in
1724 2674 1999 2753 modum,
2046 2683 2235 2761 atque
2267 2696 2427 2761 aqua
2461 2684 2524 2738 et
2549 2675 2735 2760 igniS,

523 2777 833 2861 principia
874 2798 1012 2842 esse
1047 2777 1254 2842 voluit
1288 2799 1496 2864 neque
1535 2777 1717 2842 aliam
1752 2781 1875 2842 nisi
1903 2779 2207 2844 miscendi
2238 2790 2303 2843 et
2331 2775 2736 2843 discernendi

521 2882 936 2943 mutationem
983 2879 1216 2944 subire.
1307 2881 1551 2967 Aquam
1600 2893 1809 2947 autem
1859 2892 1922 2946 et
1965 2885 2178 2970 ignem
2224 2884 2620 2968 potissimum
2666 2890 2736 2945 ut

523 2978 608 3043 ad
655 2981 1083 3076 explicandam
1127 2984 1257 3048 τῶν
1292 2982 1703 3069 ὁμοιομερῶν
1741 2993 2028 3051 naturam
2071 2986 2417 3065 adhiberet,
2461 3008 2583 3050 nec
2617 3004 2738 3071 po-

523 3086 648 3148 tius
696 3106 919 3150 carnes
968 3107 1114 3149 ossa
1160 3085 1280 3150 alia
1326 3087 1391 3151 id
1439 3109 1643 3174 genus
1692 3100 2114 3167 enumeraret,
2162 3112 2242 3155 eo
2285 3088 2538 3154 videtur
2584 3089 2737 3152 effe-

526 3198 693 3253 ctum
729 3210 883 3269 esse,
923 3188 1096 3276 quod
1127 3191 1571 3278 Anaxagoram
1602 3215 1741 3257 cum
1772 3192 2169 3281 Empedocle
2202 3201 2551 3279 comparat3
2587 3212 2734 3279 pro-

522 3301 747 3378 pterea
801 3297 1218 3381 Anaxagorea
1279 3294 1589 3360 elementa
1651 3302 2030 3384 comparatis
2087 3297 2537 3384 Empedocleis
2593 3295 2736 3360 illu-

522 3406 696 3459 strat.
776 3395 1018 3460 Eadem
1067 3396 1146 3461 de
1194 3420 1384 3462 causa
1429 3404 1793 3465 mutationis
1839 3405 2169 3479 rationem,
2217 3412 2549 3487 antequam
2598 3422 2736 3465 ver-

523 3495 623 3561 bis
669 3499 997 3584 συγκρίσει
1039 3503 1148 3565 καὶ
1195 3502 1511 3590 διακρίσει
1572 3503 1916 3585 describat,
1969 3504 2278 3570 adverbio
2337 3500 2505 3579 οὕτω
2562 3503 2740 3568 vide-

523 3608 630 3664 tur
673 3600 1093 3689 significasse,
1137 3604 1197 3668 h.
1232 3626 1285 3668 e.
1335 3627 1475 3676 eum
1523 3607 1589 3668 in
1633 3607 1919 3688 modum,
1979 3632 2164 3695 quem
2210 3610 2289 3673 ab
2338 3607 2732 3695 Empedocle

521 3706 797 3790 positum
835 3726 975 3771 esse
1007 3707 1203 3774 modo
1241 3707 1383 3784 dixi,
1429 3706 1903 3796 συγκρινόμενα
1938 3714 2050 3778 καὶ
2085 3710 2564 3798 διακρινόμενα.
2628 3712 2732 3779 Cf.

520 3808 747 3873 Breier
790 3808 833 3873 l.
879 3809 921 3874 l.
968 3833 1030 3895 p.
1065 3812 1168 3875 41.
1238 3811 1454 3875 Zeller
1485 3812 1647 3876 Phil.
1688 3813 1745 3877 d.
1787 3813 1901 3879 Gr.
1938 3816 1985 3880 Ι.
2032 3840 2095 3902 p.
2127 3818 2259 3883 229
2303 3826 2440 3882 not.
2478 3856 2562 3867 —
2610 3814 2736 3881 Ce-

522 3921 725 3976 terum
755 3913 1116 3978 Aristotelis
1159 3916 1357 3981 verba
1400 3915 1594 4002 plane
1640 3921 1989 3984 concinunt
2035 3943 2173 3984 cum
2211 3923 2365 4008 ipsis
2400 3924 2737 4007 Anaxago-

519 4019 664 4095 reis,
697 4038 871 4102 quae
902 4020 1178 4081 servavit
1205 4016 1423 4105 Simpl.
1457 4019 1538 4084 ad
1573 4021 1681 4085 Ar.
1711 4020 1906 4106 Phys.
1938 4023 2111 4087 34b:
2154 4018 2231 4090 τό
2272 4025 2341 4089 δὲ
2378 4025 2736 4107 γίγνεσθαι

520 4121 634 4184 καὶ
689 4115 1120 4186 ἀπόλλυσθαι
1176 4118 1294 4186 οὐκ
1346 4120 1578 4206 ὀρθῶς
1619 4124 1999 4209 νομίζουσιν
2044 4132 2106 4192 οἱ
2141 4123 2484 4208 “Ελληνες·
2542 4125 2734 4194 οὐδὲν

519 4216 650 4309 γὰρ
680 4223 908 4308 χρῆμα
943 4225 1192 4307 γίνεται
1227 4222 1365 4290 οὐδ’
1405 4223 1789 4306 ἀπόλλυται,
1834 4226 1979 4294 ἀλλ’
2020 4226 2153 4296 ἀπὸ
2196 4229 2440 4297 ἐόντων
2469 4227 2732 4316 χρημά-

519 4348 651 4391 των
695 4328 1131 4413 συμμίσγεται
1170 4351 1242 4392 τε
1283 4331 1396 4394 καὶ
1440 4329 1858 4419 διακρίνεται.
1947 4336 2061 4400 καὶ
2117 4331 2321 4412 οὕτως
2369 4327 2458 4402 ἂν
2502 4333 2732 4424 ὀρθῶς
