3043 4973
535 196 627 273 10

529 374 716 455 sicos,
759 382 832 442 ut
872 377 1189 464 genuinus
1231 374 1339 441 vel
1380 375 1733 463 probabilis
1780 377 1948 449 ordo
1992 380 2377 446 restituatur.
2444 381 2735 467 Utraque

527 482 692 544 ratio
736 482 807 543 in
850 481 1217 545 coniectura
1261 485 1469 568 posita
1515 491 1643 558 est3
1689 485 1797 568 qui
1821 506 1822 509 ¹
1843 484 2009 547 enim
2052 482 2380 571 vulgatum
2425 484 2733 553 librorum

528 582 818 649 ordinem
865 583 1231 663 defendunt,
1277 606 1647 672 quamquam
1693 585 2060 671 simpliciter
2102 586 2170 651 id
2216 588 2390 674 quod
2437 589 2732 655 traditum

529 696 627 755 est
672 689 837 752 tueri
879 686 1203 766 videntur,
1255 689 1447 754 alieni
1492 689 1573 754 ab
1622 692 1797 754 omni
1840 689 2246 763 ,coniectandi
2290 690 2580 772 licentia,
2635 714 2735 758 re-

526 801 819 879 pugnant
859 791 959 856 illi
1001 801 1212 857 tamen
1257 796 1609 861 narrationi
1653 803 1942 859 veterum
1984 796 2428 879 interpretum,
2486 819 2564 862 ex
2609 819 2736 883 qua

524 894 726 961 libros
781 897 1249 982 metaphysicos
1307 918 1442 961 non
1487 900 1773 984 integros
1819 897 1899 965 ab
1947 897 2496 963 emendationibus
2542 900 2736 964 tradi-

527 1008 627 1065 tos
687 1021 826 1065 esse
883 1004 1361 1089 cognoscimus;
1423 1012 1644 1065 contra
1705 1004 1811 1087 qui
1869 1023 1905 1065 a
1964 999 2229 1089 vulgato
2285 1021 2458 1067 nunc
2503 1004 2734 1070 ordine

526 1102 976 1170 discedendum
1020 1114 1262 1191 putant,
1307 1103 1567 1169 cosdem
1598 1103 1747 1169 illos
1777 1108 2159 1190 interpretes
2189 1108 2541 1173 sententiae
2577 1130 2733 1172 suae

526 1217 819 1272 auctores
863 1207 1118 1275 habent.
1207 1208 1429 1294 Itaque
1487 1211 1556 1272 in
1612 1207 1731 1272 hac
1786 1209 2077 1296 ambigua
2120 1212 2214 1274 rei
2260 1220 2482 1275 natura
2524 1214 2613 1275 ita
2659 1210 2734 1274 li-

526 1321 671 1376 ceat
724 1314 967 1376 versari
1025 1301 1093 1375 ut
1149 1313 1416 1397 primum
1469 1311 1619 1397 quid
1666 1313 1815 1376 mihi
1859 1317 2121 1378 maxime
2163 1314 2455 1379 videatur
2497 1313 2735 1399 proba-

523 1414 658 1479 bile
708 1437 1049 1507 exponam,
1107 1414 1340 1479 deinde
1386 1418 1759 1500 praecipuas
1806 1415 2072 1481 aliorum
2117 1421 2463 1482 sententias
2509 1427 2574 1482 ct
2618 1440 2735 1482 cur

525 1519 605 1585 ab
649 1522 726 1583 iis
774 1517 1227 1587 discedendum
1274 1521 1630 1604 putaverim
1676 1521 1894 1604 paucis
1940 1519 2314 1607 significem.
2384 1520 2563 1586 Nihil
2591 1522 2733 1586 fere
2812 1593 2822 1601 ‚

522 1625 676 1687 novi
732 1645 833 1689 me
891 1643 1032 1689 esse
1077 1620 1467 1707 prolaturum
1516 1621 1597 1687 de
1642 1620 1869 1687 ordine
1910 1621 2218 1688 librorum
2261 1625 2732 1710 metaphysico-

522 1749 661 1790 rum
707 1729 988 1813 ingenue
1034 1724 1378 1811 profiteor;
1423 1725 1797 1790 Brandisius
1842 1728 2010 1790 enim
2055 1738 2218 1812 quae
2265 1726 2345 1792 de
2389 1729 2731 1815 Metaphy-

521 1832 667 1895 sicis
715 1827 1139 1895 Aristotelicis
1187 1828 1378 1894 docte
1424 1840 1487 1894 et
1532 1824 1718 1895 acute
1763 1832 2083 1914 exposuit,
2147 1851 2223 1895 ea
2278 1832 2430 1897 mihi
2473 1831 2727 1917 quidem

521 1936 608 1999 ita
652 1934 982 2020 probavit,
1028 1943 1098 1997 ut
1142 1935 1515 2019 paucissima
1561 1935 1940 2012 invenerim,
1986 1955 2148 2019 quae
2190 1933 2296 1999 vel
2341 1934 2725 2000 dubitationi

523 2059 664 2101 esse
711 2036 986 2101 obnoxia
1032 2035 1139 2100 vel
1182 2036 1481 2101 mutanda
1525 2035 1879 2101 videantur.

651 2141 805 2205 Uno
838 2150 1065 2204 tenore
1098 2149 1163 2204 et
1194 2140 1424 2205 eodem
1456 2140 1905 2226 disputationis
1939 2150 2236 2206 contextu
2266 2139 2721 2226 scripti-viden-

521 2253 623 2308 tur
659 2265 797 2307 esse
829 2243 895 2307 hi
923 2254 1168 2329 septem
1198 2243 1344 2315 libri
1375 2245 1579 2310 ΑΒΓ
1573 2246 1779 2311 ΕΖΗ
1784 2245 1857 2310 Θ.
1911 2247 2006 2310 Ac
2034 2247 2243 2331 primo
2275 2243 2527 2330 quidem
2554 2243 2719 2308 libro

521 2349 684 2413 viam
715 2359 895 2434 parat
924 2347 1346 2434 philosophus
1379 2348 1458 2412 ad
1493 2348 1922 2434 explicandam
1954 2352 2212 2434 primam
2235 2347 2721 2435 philosophiam.
2806 2355 2810 2358 ’

518 2451 801 2516 Exorsus
848 2454 1013 2520 enim
1061 2452 1141 2518 ab
1185 2450 1406 2518 infimo
1454 2453 1852 2541 percipiendi
1902 2474 2171 2542 genere,
2228 2450 2402 2537 quod
2459 2438 2790 2537 suspen's'“

520 2578 656 2621 sum
717 2579 752 2620 a
810 2556 1097 2621 sensibus
1157 2557 1399 2620 homini
1458 2577 1791 2622 commune
1848 2566 1945 2622 est
1989 2578 2127 2621 cum
2172 2559 2399 2619 ceteris
2445 2554 2727 2619 animali-

519 2660 657 2739 buS,
702 2663 963 2747 exponit
1008 2660 1239 2746 quibus
1284 2658 1584 2744 deinceps
1628 2659 1929 2747 gradibus
1962 2658 2338 2723 escendatur
2367 2681 2557 2744 quum
2590 2661 2727 2723 uni—

519 2785 705 2827 verse
750 2762 831 2827 ad
877 2767 1330 2851 cognitionem,
1376 2773 1504 2826 tum
1551 2766 1892 2848 praecipue
1938 2761 2019 2828 ad
2065 2784 2231 2840 eam,
2277 2784 2436 2847 quae
2480 2782 2725 2825 summo

522 2877 621 2934 est
663 2865 813 2931 loco
861 2866 1178 2953 ponenda,
1223 2888 1607 2936 summorum
1652 2869 2105 2951 principiorum
2149 2868 2503 2941 scientiam3
2562 2861 2728 2930 hanc

520 2973 688 3035 enim
731 2975 1127 3057 propositam
1167 2991 1308 3035 esse
1337 2972 1578 3055 primae
1608 2967 2055 3054 philosophiae
2088 2991 2162 3036 ex
2193 2971 2287 3047 iis,
2330 2990 2495 3053 quae
2525 2968 2724 3056 vulgo

519 3074 823 3152 feruntur,
869 3074 951 3139 de
995 3077 1305 3160 sapientia
1352 3071 1767 3158 opinionibus
1814 3071 2206 3138 demonstrat
2249 3077 2332 3150 (c.
2368 3074 2426 3135 l.
2457 3076 2549 3152 2).
2641 3074 2726 3137 Et

521 3181 821 3264 quoniam
870 3202 1192 3244 causarum
1242 3188 1306 3242 et
1350 3178 1810 3263 principiorum
1855 3185 2131 3260 quatuor
2174 3196 2410 3263 genera
2446 3180 2511 3241 in
2541 3176 2723 3241 libris

519 3283 802 3367 physicis
860 3282 1170 3361 distinxit,
1222 3284 1601 3368 principium
1660 3278 1983 3346 materiale
2040 3278 2307 3343 formale
2350 3279 2554 3344 finale,
2591 3302 2724 3344 mo-

521 3405 695 3461 vens
741 3383 982 3449 nullum
1030 3408 1168 3450 esse
1213 3407 1416 3471 genus
1454 3388 1755 3450 omissum
1792 3383 1923 3463 sed,
1968 3383 2390 3469 quodcunque
2428 3394 2524 3449 est
2552 3388 2724 3470 prin-

523 3490 784 3573 cipium,
840 3487 906 3552 id
963 3488 1082 3564 sub
1140 3510 1333 3554 unum
1380 3487 1484 3553 vel
1532 3486 1795 3551 alterum
1844 3510 1919 3551 ex
1961 3488 2057 3551 his
2103 3491 2432 3573 principiis
2476 3487 2723 3564 cadere,

523 3613 598 3655 ex
641 3592 905 3655 historia
949 3588 1394 3676 philosophiae
1441 3591 1847 3676 comprobat3
1900 3602 2183 3656 veterum
2229 3596 2393 3656 enim
2438 3590 2724 3677 philoso-

520 3695 792 3780 phorum
832 3692 1065 3779 placita
1096 3692 1175 3757 de
1206 3695 1531 3779 principiis
1563 3695 1647 3762 ita
1682 3696 1943 3777 exponit
1975 3704 2039 3758 et
2071 3695 2325 3775 iudicat,
2371 3705 2441 3759 ut
2469 3706 2724 3779 praeter

522 3798 630 3864 illa
676 3810 950 3885 quatuor
987 3821 1226 3886 genera
1263 3796 1505 3862 nullum
1538 3818 1652 3861 eos
1683 3798 2004 3861 invenisse
2041 3809 2345 3884 appareat
2382 3802 2463 3877 (c.
2496 3800 2720 3878 3—8).

521 3904 790 3990 Propius
837 3902 1069 3968 deinde
1116 3902 1199 3967 ad
1244 3904 1441 3987 ipsam
1489 3899 1881 3985 disciplinam
1928 3900 2173 3970 accedit
2215 3902 2382 3967 libro
2426 3902 2519 3979 B,
2566 3923 2721 3966 enu-

521 4010 776 4074 meratis
819 4010 1085 4092 primum
1134 4009 1216 4087 (c.
1252 4010 1323 4087 1)
1366 4026 1441 4071 ac
1482 4003 1719 4072 deinde
1771 4008 1836 4067 in
1877 4014 2200 4090 utramque
2237 4016 2475 4091 partem
2520 4004 2721 4069 disce-

521 4114 712 4198 ptatis
757 4115 841 4187 (c.
870 4100 1084 4191 2245)
1131 4109 1376 4197 aliquot
1421 4108 1928 4193 quaestionibuS,
1987 4130 2142 4193 quas
2187 4107 2392 4173 dirimi
2436 4104 2551 4196 per
2593 4113 2720 4196 pri-

520 4237 682 4282 mam
727 4214 1196 4301 philosophiam
1224 4223 1735 4281 ‚consentaneum
1778 4216 1878 4278 sit.
1946 4213 2269 4279 Prooemii
2303 4213 2512 4279 locum
2550 4215 2724 4279 hunc

520 4317 749 4386 librum
797 4318 1087 4384 obtinere
1135 4340 1208 4384 ex
1253 4320 1418 4403 ipsa,
1463 4339 1583 4403 qua
1630 4319 1830 4382 utitur
1871 4316 2320 4403 philosophu8‚
2365 4316 2720 4384 disserendi
