3043 4973
527 239 667 314 148
1364 239 1437 308 B
1483 234 1557 307 2.
1632 235 1777 308 997
1797 235 1860 306 b.

523 415 1012 482 mathematicae.
1079 412 1227 476 Hoc
1262 421 1471 480 autem
1507 411 1652 476 fieri
1690 429 1823 476 non
1862 420 2105 498 potest3
2151 433 2419 496 namque
2460 433 2581 478 nec
2620 413 2742 478 im-.

522 516 792 584 mobiles
824 537 965 579 esse
996 537 1096 580 res
1128 516 1521 603 astrologiae
1551 514 1868 580 subiectas
1900 525 2394 582 consentaneum
2427 524 2537 592 est,
2568 535 2730 600 quor

523 624 687 687 niam
730 630 941 684 motus
985 622 1055 682 in
1098 640 1312 682 earum
1358 623 1627 684 notione
1663 622 2023 682 necessario
2063 622 2246 697 inest,
2287 639 2413 682 nec
2449 618 2727 684 mobiles

522 746 665 790 esse
706 732 994 807 possunt,
1038 732 1265 807 utpote
1310 722 1805 786 mathematicae.
1897 721 2105 805 Quam
2150 725 2214 786 in
2262 722 2387 786 hoc
2427 720 2725 805 exemplo

522 825 960 908 difficultatem
999 836 1181 911 parat
1217 824 1582 890 mobilitatis
1621 827 1823 902 notio,
1866 824 2148 906 eandem,
2195 828 2248 892 si
2275 827 2526 909 ⁸pariter
2563 827 2729 909 opti-

523 951 656 996 cam
705 942 768 994 et
803 931 1225 1010 harmonicam
1267 927 1665 1014 disciplinam
1704 932 2068 1005 excussam,
2111 927 2426 994 sensibilis
2465 937 2727 992 naturae

522 1036 705 1100 notio
741 1032 985 1096 afferet.
1055 1032 1243 1117 Quae
1289 1034 1451 1095 enim
1475 1052 1604 1093 ·res
1641 1032 1736 1096 his
1776 1032 2015 1095 artibus
2053 1031 2375 1096 subiectae
2411 1038 2575 1107 sunt,
2601 1025 2740 1094 ‘eas

523 1148 588 1202 et
632 1135 965 1202 sensibiles
1014 1157 1154 1201 esse
1202 1144 1461 1219 oportet
1508 1156 1582 1198 ex
1626 1137 1763 1219 ipsa
1807 1134 2025 1216 barum
2074 1138 2294 1200 artium
2334 1136 2619 1212 notione,
2665 1142 2731 1196 et

523 1260 655 1322 non
702 1235 1047 1303 'sensibiles
1106 1262 1179 1302 ,ex
1239 1247 1457 1301 natura
1514 1260 1724 1308 rerum
1782 1239 2376 1302 mathematicarum.
2471 1235 2727 1321 Quodsi

522 1342 855 1410 sensibiles
910 1364 1012 1428 res
1075 1352 1138 1406 et
1192 1344 1526 1408 sensiones
1582 1341 1820 1406 medias
1869 1363 2007 1420 esse
2052 1344 2375 1416 statueris,
2433 1335 2726 1424 profecto

523 1449 709 1514 etiam
756 1445 1075 1524 animalia,
1120 1467 1283 1529 quae
1326 1442 1469 1508 illas
1516 1448 1827 1524 sentiunt,
1875 1443 2102 1508 eodem
2148 1443 2298 1507 loco
2344 1447 2511 1507 inter
2552 1442 2726 1510 ideas

520 1559 587 1612 et
635 1570 738 1612 res
786 1548 1118 1613 sensibiles
1166 1548 1377 1612 medio
1428 1548 1765 1612 statuenda
1818 1558 2029 1622 erunt3
2071 1546 2138 1612 id
2178 1545 2351 1633 quod
2386 1544 2727 1612 absurdum

521 1673 661 1735 esse
706 1672 824 1737 per
866 1672 937 1715 se
980 1661 1172 1737 patet.

649 1756 745 1822 lta
783 1755 1055 1819 refutata
1091 1753 1566 1819 Platonicorum
1614 1754 1695 1819 de
1740 1754 1933 1820 rebus
1978 1754 2434 1820 mathematicis
2477 1762 2729 1830 senten-

518 1860 603 1938 tia
650 1856 780 1923 duo
828 1856 1009 1924 addit
1064 1866 1459 1944 argumenta,
1521 1881 1682 1943 quae
1737 1857 1964 1926 eodem
2011 1858 2145 1922 fere
2190 1865 2506 1942 spectant,
2555 1858 2727 1922 997b

516 1962 824 2026 25—34.
898 1962 1172 2026 Primum
1216 1965 1270 2023 si
1316 1973 1684 2030 constantes
1729 1963 1855 2026 sibi
1897 1964 2053 2047 ipsis
2100 1982 2241 2026 esse
2285 1960 2485 2024 velint
2513 1959 2728 2024 Plato-

517 2067 673 2143 nici,
732 2085 869 2128 non
924 2063 1131 2127 solum
1188 2065 1659 2129 mathematicas
1714 2087 1817 2130 res
1873 2065 2113 2130 medias
2170 2063 2539 2130 statuendas
2587 2086 2744 2144 esse}

516 2170 684 2232 inter
739 2166 1074 2231 sensibiles
1134 2178 1199 2230 et
1252 2166 1458 2244 ideas,
1516 2168 1632 2232 sed
1691 2169 1956 2234 eandem
2013 2170 2325 2232 rationem
2379 2167 2458 2231 ad
2505 2188 2728 2248 omnes

518 2291 621 2334 res
662 2274 1003 2355 pertinere,
1051 2292 1211 2356 quae
1250 2270 1516 2358 singulis
1555 2271 1802 2336 sciendi
1840 2270 2186 2357 generibus
2222 2272 2546 2336 subiectae
2581 2273 2746 2336 sint..

516 2366 776 2458 (παρὰ
822 2381 1014 2456 noia,
1075 2373 1247 2458 quod
1294 2378 1518 2459 scripsi
1559 2376 1688 2439 1125
1734 2398 1808 2438 ex
1854 2377 2229 2439 auctoritate
2275 2373 2620 2456 Alexandri
2666 2383 2730 2437 et

515 2478 704 2542 unius
750 2475 990 2541 codicis
1036 2477 1136 2557 E,
1195 2500 1414 2543 verum
1459 2477 1779 2543 videbitur
1825 2479 2304 2545 conferentibus
2348 2480 2502 2561 ῥ28ε
2546 2474 2719 2562 ,παρ’

512 2575 825 2665 ἰατρικήν,
851 2582 1007 2653 ὁ29ς
1036 2578 1192 2663 παρ’
1224 2576 1526 2660 ἑκάστην,
1549 2583 1699 2647 ὺ31ε
1730 2575 1915 2667 παρὰ
1944 2577 2027 2647 τὰ
2058 2577 2420 2665 αἰσθητά),
2468 2580 2728 2645 Deinde

513 2704 598 2747 ne
644 2678 803 2748 illud
850 2682 1103 2769 quidem
1148 2706 1367 2749 verum
1417 2696 1530 2763 est,
1573 2685 1746 2749 unde
1791 2686 2068 2771 profecti
2111 2707 2214 2763 res
2258 2686 2726 2750 mathematicas

513 2784 752 2849 medias
801 2807 940 2850 esse
994 2784 1457 2866 demonstrant,
1515 2787 1924 2875 geodaesiam
1983 2809 2167 2874 quam
2226 2787 2444 2873 dicunt
2487 2791 2728 2873 versari

512 2890 580 2953 in
625 2887 817 2952 rebus
862 2889 1269 2955 sensibilibus
1313 2888 1592 2975 ideoque
1638 2890 2093 2978 seiungendam
2140 2892 2219 2955 ab
2269 2913 2343 2957 ea
2391 2913 2531 2956 esse
2567 2911 2726 2977 geo·

511 2994 827 3073 metriam3
874 3014 1007 3057 non
1052 3002 1341 3059 versatur
1388 2998 1551 3059 enim
1598 2996 1665 3058 in
1710 2993 2120 3060 sensibilibus
2161 2993 2727 3078 rebus„siquidem

511 3104 727 3161 manet
770 3096 1238 3165 intereuntibus
1284 3096 1426 3160 illis.
1481 3134 1561 3147 —-
1622 3097 1841 3181 Itaque
1886 3097 2358 3181 Platonicorum
2408 3096 2492 3162 de
2533 3097 2750 3173 rebus.

509 3201 964 3281 mathematicis
1026 3204 1338 3269 sententia
1396 3222 1518 3267 nec
1575 3223 1693 3286 per
1747 3224 1817 3282 se
1863 3211 2142 3286 spectata
2189 3203 2449 3287 probari
2490 3211 2725 3286 potest,

452 3348 460 3361 .
509 3323 719 3388 neque
780 3304 1140 3369 extenditur
1196 3313 1567 3371 constanter
1617 3302 1698 3367 ad
1743 3326 1965 3371 omnes
2012 3305 2447 3392 cognoscendi
2491 3315 2725 3390 partes,

510 3404 591 3469 ad
637 3427 791 3491 quas
837 3406 1144 3471 trahenda
1192 3417 1343 3486 erat,
1390 3429 1511 3473 nec
1556 3407 1741 3473 firmo
1788 3412 2008 3473 nititur
2052 3409 2488 3489 fundamento.

641 3510 801 3572 99Ἱό
826 3510 921 3573 34
945 3505 1154 3589 ἀλλὰ
1190 3502 1346 3593 μὴν
1372 3546 1456 3557 —-
1478 3513 1642 3575 9981>
1670 3514 1712 3576 6
1745 3508 2002 3599 φύσιν.
2054 3513 2420 3583 Antithesis.
2468 3476 2724 3595 Quodsi

510 3612 650 3697 quis
694 3611 791 3674 his
830 3614 1083 3676 territus
1123 3616 1529 3697 argumentis,
1574 3626 1794 3699 spreto
1825 3614 2114 3695 Platonis
2141 3613 2399 3700 placito,
2445 3613 2724 3700 dispipli-.

508 3734 622 3779 nas
680 3714 1146 3791 mathematicas
1204 3718 1273 3779 in
1313 3718 1469 3799 ipsis
1512 3717 1704 3783 rebus
1749 3717 2158 3797 sensibilibus
2202 3720 2444 3797 versari
2483 3726 2744 3801 statue--

507 3820 618 3894 rit,
679 3819 745 3883 in
792 3817 1215 3885 difficultates
1247 3817 1487 3885 incidet
1531 3819 1699 3899 haud
1746 3825 2054 3901 minoreS,
2112 3818 2408 3906 quoniam
2453 3842 2722 3903 eae-res

511 3929 575 3985 et
620 3940 734 4001 eae
779 3919 1172 3998 affectiones,
1219 3920 1439 4006 quales
1484 3933 1552 3986 et
1589 3926 1777 4007 ponit
1813 3933 1882 3988 et
1911 3923 2112 4003 debet
2146 3946 2389 4009 ponere
2426 3923 2534 3999 vel.
2561 3945 2746 4010 geos.

507 4025 730 4101 metria
774 4021 882 4087 vel
926 4024 1310 4111 astrologia,
1355 4026 1691 4093 manifesto
1739 4025 2052 4105 differunt
2091 4049 2127 4091 a
2173 4027 2364 4093 rebus
2407 4028 2746 4109 sensibilis,

506 4124 645 4193 hus.
707 4126 784 4205 cf,
818 4126 887 4205 K
918 4128 976 4190 1.
1012 4127 1213 4192 105θό
1241 4130 1357 4207 1ος
1399 4125 1477 4193 οὐ
1523 4124 1652 4214 γὰρ
1695 4122 1779 4207 δὴ
1823 4133 1974 4216 περὶ
2009 4125 2094 4197 τὰ
2132 4131 2324 4221 δεῦρο
2369 4135 2722 4217 (apamia-

506 4225 758 4305 τείνεται
801 4226 853 4293 ὁ-
884 4226 1434 4313 μαθηματικόςγ
1493 4227 1741 4297 τούτων
1796 4227 1925 4320 γὰρ
1980 4231 2192 4307 οὐθέν
2236 4239 2411 4307 ἐστιν
2453 4227 2600 4303 οἷον
2646 4239 2724 4311 αἱ

504 4333 977 4416 μαθημαζικᾳὶ
1016 4332 1284 4414 §arefiat
1315 4336 1443 4411 τῶν
1473 4338 1868 4420 ἐπιστημῶν.
1931 4338 2074 4419 Hac
2097 4340 2349 4421 ratione
2379 4339 2744 4419 ustas,2l'.r1›·-,¹
