3043 4973
573 228 717 303 544
1388 235 1494 303 M
1536 229 1605 302 6.
1690 226 1958 303 108012.

571 430 705 472 ram
749 411 835 472 ita
881 407 1161 487 sustulit,
1209 417 1279 473 ut
1325 428 1543 472 eorum
1589 411 1687 471 vis
1733 426 1868 471 non
1912 404 2177 492 amplius
2220 403 2530 491 penderet
2572 406 2789 469 nnita-

572 523 704 578 tum
751 535 785 576 a
832 512 1233 577 multitudine
1277 533 1399 576 nec
1441 533 1512 575 re
1558 533 1706 576 vera
1755 510 1835 576 de
1882 509 2228 576 unitatibus
2286 495 2504 575 eorum
2558 508 2784 594 quaeri

571 622 775 705 possit
819 627 978 702 quot
1022 616 1321 701 qualesve
1364 618 1506 694 sint,
1552 613 1668 679 sed
1712 617 1959 681 numeri
2004 613 2198 679 modo
2244 616 2424 701 signa
2470 612 2783 699 quaedam

574 731 638 786 et
696 725 876 806 quasi
930 718 1224 806 symbola
1279 719 1440 784 fiant
1483 721 1837 785 notionum.
1929 720 2057 784 lam
2103 721 2389 805 primum,
2430 718 2784 796 1111—14,

570 828 769 912 ipsius
801 823 1087 889 Platonis
1136 833 1587 889 commemorat
1630 826 2026 902 sententiam,
2073 826 2184 909 qui
2229 822 2359 888 duo
2404 825 2627 909 posuit
2662 843 2787 889 nu·

568 950 882 994 merorum
928 949 1195 1016 genera,
1252 938 1584 1013 utrumque
1631 951 1667 991 a
1713 928 1901 993 rebus
1947 914 2353 992 sensibilibus
2404 930 2783 1003 seiunctum,

571 1032 836 1097 alterum
866 1031 1184 1113 idealium‚
1214 1032 1477 1098 alterum
1510 1032 2091 1098 mathematicorum
2121 1053 2544 1097 numerorum.
2610 1033 2680 1110 (b
2693 1031 2783 1094 12

567 1133 687 1203 τὸν
730 1138 848 1218 μὲν
893 1137 1125 1221 ἔχοντα
1170 1132 1245 1202 τὸ
1289 1133 1612 1222 πρότερον
1655 1138 1767 1200 καὶ
1810 1133 2084 1223 ὕστερον
2129 1129 2248 1212 τοὶς
2287 1137 2480 1213 ἰδέας,
2526 1137 2783 1221 apposi-

569 1243 764 1306 tionis
808 1239 960 1305 loco
1006 1235 1126 1317 τὰς
1170 1242 1346 1317 ἰδέας
1391 1238 1671 1305 additum
1720 1254 1831 1318 est,
1872 1239 2059 1327 ‘quasi
2095 1239 2291 1304 dicat:
2336 1243 2500 1324 λέγω
2547 1241 2615 1304 δὲ
2657 1233 2784 1304 τὸν

570 1337 890 1423 εἰδητικὸν
934 1339 1254 1429 ἀριθμόν.
1343 1345 1500 1408 Non
1560 1366 1700 1409 esse
1758 1354 1906 1409 ante
1965 1347 2198 1432 ἔχοντα
2260 1343 2619 1409 addendum
2665 1340 2781 1427 μή,

571 1447 746 1535 quod
778 1448 1017 1514 Trend.
1053 1448 1135 1513 de
1167 1448 1254 1512 id.
1284 1472 1345 1534 p.
1374 1450 1880 1536 SO-coniecerat,
1927 1449 2391 1514 demonstravit
2419 1446 2632 1513 Zeller
2658 1448 2779 1512 Ph.

569 1553 629 1617 d.
664 1553 778 1618 Gr.
808 1553 888 1617 11.
917 1577 980 1639 p.
1006 1555 1197 1631 211.)
1271 1550 1559 1617 Platonis
1605 1575 1642 1616 a
1687 1557 2005 1618 sententia
2051 1552 2303 1639 quidam
2351 1575 2426 1617 ex
2472 1557 2606 1617 eius
2653 1551 2780 1617 dis-

567 1656 794 1744 cipulis
837 1659 926 1721 ita
972 1656 1433 1735 dissenserunt,
1488 1667 1560 1721 ut
1606 1658 1843 1722 omisso
1889 1678 2155 1722 numero
2203 1656 2399 1722 ideali
2441 1657 2778 1721 mathema-

566 1764 754 1827 ticum
801 1759 996 1825 modo
1043 1781 1368 1824 numerum
1415 1781 1536 1846 pro
1583 1764 1897 1848 principio
1944 1771 2291 1848 ponerent,
2348 1774 2414 1826 et
2461 1784 2599 1827 eum
2646 1765 2777 1847 qui·

568 1866 713 1931 dem
753 1869 1105 1930 seiunctum
1143 1887 1179 1928 3
1211 1865 1403 1930 rebus
1440 1863 1864 1944 sensibilibus,
1906 1869 2255 1931 1214—16.
2331 1867 2425 1929 Ea
2461 1869 2775 1931 sententia

567 1991 938 2057 quamquam
996 1973 1250 2055 saepius
1304 1969 1383 2032 ab
1431 1969 1541 2035 Ar.
1590 1981 2119 2056 commemoratur
2164 1971 2283 2050 (cf.
2324 1972 2636 2039 8.-1083a
2664 1973 2774 2036 2⁰.

566 2077 629 2140 9.
676 2076 886 2141 loson
911 2076 971 2138 2.
1033 2076 1110 2139 N
1138 2075 1201 2138 3.
1245 2074 1455 2139 109οα
1479 2075 1584 2138 25.
1646 2075 1706 2140 4.
1750 2077 1952 2138 10911»
1983 2076 2090 2140 24.
2145 2077 2220 2139 Λ
2256 2077 2359 2140 10.
2400 2078 2601 2141 1075b
2634 2077 2777 2155 37),

564 2188 774 2242 tamen
819 2181 959 2263 quis
1008 2181 1142 2244 eius
1186 2187 1410 2241 auctor
1453 2180 1535 2241 sit
1576 2199 1712 2242 non
1756 2177 2009 2242 videtur
2048 2178 2131 2244 ad
2171 2177 2475 2265 liquidum
2510 2180 2777 2265 perduci

564 2303 777 2368 posse.
854 2280 1295 2358 Alexandrum,
1342 2283 1517 2346 cuius
1566 2286 2002 2348 auctoritatem
2050 2283 2146 2347 his
2168 2285 2257 2348 -in
2288 2282 2487 2347 rebus
2514 2283 2651 2348 fere
2678 2306 2777 2349 se·-

567 2389 778 2473 quitur
806 2386 1134 2471 SyrianuS,
1177 2384 1335 2450 nihil
1363 2384 1455 2449 de
1498 2407 1573 2449 ea
1604 2407 1677 2449 re
1714 2390 1867 2450 certi
1904 2387 2203 2452 habuisse
2241 2397 2532 2474 apparet3
2578 2386 2807 2452 modo'

565 2493 730 2557 enim
761 2494 1105 2556 Xenocrati
1149 2513 1285 2556 eam
1324 2490 1545 2556 tribuit
1577 2495 1967 2556 sententiam·
1995 2515 2055 2578 Ρ.
2088 2491 2236 2570 722,
2274 2494 2380 2571 28,
2424 2491 2620 2558 modo
2651 2495 2775 2558 Xe-

564 2598 813 2662 nocrati
860 2606 923 2660 et
961 2596 1327 2683 Speusippo
1374 2619 1434 2682 p.
1470 2597 1618 2674 761,
1648 2599 1759 2675 31,
1806 2596 2002 2664 modo
2052 2600 2227 2661 cuius
2277 2617 2349 2661 ea
2397 2597 2593 2662 fuerit
2633 2620 2775 2662 sem

564 2705 760 2766 tentia
804 2721 1068 2787 prorsus
1117 2702 1446 2785 omittitip.
1472 2702 1617 2777 743,
1651 2704 1688 2767 7
1707 2727 1720 2777 ;
1768 2700 1922 2787 quid
1957 2699 2353 2787 quod-etiam
2391 2702 2597 2768 videri
2630 2713 2775 2789 pot-

565 2816 661 2870 est
707 2827 846 2870 eam
879 2803 1308 2890 Pythagoreis
1355 2803 1731 2889 quibusdam
1777 2805 2075 2869 tribuere-
2100 2829 2165 2891 p.
2190 2808 2336 2886 744,
2370 2809 2452 2872 15
2486 2806 2635 2872 coll.
2665 2809 2773 2872 32.

563 2909 693 2972 Iam
737 2914 935 2973 secuti
981 2908 1256 2972 obscura
1299 2906 1408 2971 illa
1454 2912 1754 2995 vestigia,
1816 2929 1979 2994 quae
2025 2909 2107 2973 de
2151 2912 2530 2976 Xenocratis
2579 2922 2643 2975 et
2687 2910 2773 2975 de

563 3013 909 3099 Speusippi
965 3010 1213 3097 placitis
1271 3009 1490 3075 relicta
1548 3022 1724 3092 sunt,
1783 3012 1865 3078 ad
1909 3015 2330 3079 Xenocratem
2376 3013 2774 3102 potissimum

561 3119 728 3183 hanc
783 3119 1157 3182 sententiam
1218 3115 1616 3180 referendam
1679 3139 1819 3181 esse
1878 3129 2143 3183 censent
2186 3119 2457 3184 Brandis
2505 3120 2585 3185 de
2630 3119 2773 3184 libr.

560 3222 740 3310 perd.
788 3245 851 3308 p.
885 3223 990 3288 45.
1050 3220 1264 3286 Zeller
1295 3222 1406 3285 Ph.
1445 3219 1506 3287 d.
1547 3221 1659 3286 Gr.
1698 3223 1777 3287 ΙΙ.
1815 3246 1879 3309 p.
1910 3225 2058 3288 334.
2136 3222 2382 3289 Contra
2414 3227 2773 3290 Ravaisson

562 3328 748 3392 Essai
782 3349 891 3391 sur
925 3326 988 3391 la
1020 3327 1174 3391 Met.
1208 3350 1273 3412 p.
1299 3328 1447 3392 178.
1477 3328 1612 3391 338
1645 3328 2067 3414 Speusippum
2104 3332 2336 3415 respici
2371 3340 2570 3415 putat,
2606 3350 2775 3393 eam-

561 3453 687 3517 que
731 3434 1105 3517 opinionem
1151 3432 1358 3497 Schw.
1406 3431 1486 3495 ad
1528 3433 1592 3495 h.
1616 3431 1677 3497 .l.
1727 3431 1976 3497 collatis
2034 3431 2192 3496 locis
2238 3434 2345 3497 Ar.
2394 3433 2774 3498 confirmare

560 3533 791 3600 studet.
884 3537 1137 3600 Etenim
1196 3558 1381 3622 quam
1421 3539 1806 3601 sententiam
1854 3535 1935 3600 de
1980 3534 2269 3622 pluribus
2318 3548 2384 3602 et
2425 3538 2772 3625 generibus

560 3650 628 3705 et
667 3642 998 3728 principiis
1043 3662 1252 3716 rerum
1299 3642 1363 3705 Z
1388 3644 1450 3706 2.
1486 3642 1689 3706 1028b
1713 3642 1797 3705 21
1848 3643 2220 3706 nominatim
2267 3642 2628 3728 Speusippo
2662 3641 2773 3705 Ar.

559 3744 794 3823 tribuit,
841 3745 1107 3812 eandem
1149 3748 1294 3811 eum
1337 3750 1412 3812 A
1446 3746 1793 3818 lo-.,1o751›
1812 3748 1920 3810 37.
1968 3748 2047 3810 N
2067 3748 2129 3810 3.
2165 3747 2368 3810 losob
2395 3745 2607 3822 lffad
2652 3765 2774 3809 eos

559 3849 803 3914 referre
847 3849 1291 3936 philosophos,
1336 3852 1442 3935 qui
1487 3848 1695 3913 solum
1740 3849 2241 3930 mathematicum
2287 3853 2612 3914 numerum
2636 3869 2776 3935 *po-

560 3955 840 4019 suerint.'
878 3953 1007 4019 Sed
1037 3958 1092 4018 si
1123 3954 1474 4020 contuleris
1501 3953 1623 4020 hos
1653 3952 1836 4017 locos
1873 3975 1915 4016 a
1940 3953 2146 4018 Schw.
2176 3951 2424 4032 allatos,
2453 3953 2519 4017 id
2549 3955 2778 4039 ipsum,

560 4056 641 4122 de
671 4079 804 4143 quo
835 4061 1059 4145 agitur,
1090 4062 1379 4124 nimirum
1417 4057 1672 4123 solum
1704 4058 2205 4123 mathematicum
2234 4059 2774 4143 numerum'poni,

559 4160 857 4227 concludi
899 4166 1098 4249 magis
1146 4185 1221 4227 ex
1267 4163 1474 4242 verbis
1508 4166 1614 4226 Ar.
1663 4184 1847 4246 quam
1892 4160 2133 4227 diserte
2175 4162 2255 4227 ab
2304 4184 2383 4230 eo
2426 4161 2551 4226 dici
2584 4161 2773 4226 intel-

556 4265 738 4355 liges.
814 4266 1035 4350 Itaque
1080 4287 1267 4350 quum
1313 4278 1582 4351 utraque
1628 4269 2048 4352 interpretum
2092 4271 2409 4332 sententia
2452 4269 2521 4330 in
2557 4268 2775 4331 conie-

558 4381 740 4436 ctura
783 4373 866 4434 sit
909 4373 1147 4457 posita,
1206 4369 1378 4434 haud
1431 4374 1566 4450 scio
1613 4392 1696 4435 an
1742 4370 1883 4452 illa,
1933 4393 2007 4435 ex
2052 4392 2175 4457 qua
2222 4371 2303 4437 ad
2345 4373 2776 4436 Xeuocratem

556 4473 715 4539 haec
759 4474 1136 4555 referuntur,
1179 4475 1485 4539 maiorem
1531 4483 1702 4541 certe
1745 4475 1981 4542 habeat
2023 4477 2307 4543 veritatis
2353 4478 2648 4563 speciem.
