3043 4973
1139 248 1208 316 A
1260 243 1325 317 7.
1411 243 1681 319 1017a.
2365 245 2501 321 241

304 421 485 484 tione
532 415 757 483 duetus
795 422 931 484 «⁸19
977 421 1153 485 ἔστιν
1195 423 1421 507 scripsi
1461 441 1587 507 pro
1633 409 1868 500 ἐστιν.)
1946 421 2161 507 Quum
2199 434 2408 488 autem
2443 427 2511 488 in

301 521 431 587 hoc
489 526 1003 588 enunciationum
1060 541 1300 610 genere
1352 523 1424 589 id
1482 524 1662 610 quod
1716 545 1829 589 sua
1885 536 2111 590 natura
2155 525 2508 591 subiectum

304 636 419 704 est,
463 623 502 691 ὁ
547 619 928 709 ἄνθρωπος,
973 626 1320 712 praedicati
1365 631 1429 691 in
1475 628 1689 693 locum
1734 627 2126 707 descendat,·
2156 629 2513 694 Alexander

303 750 443 794 non
484 731 704 814 inepte
750 728 862 792 has
906 734 1380 816 propositiones
1424 725 1612 818 παρὰ
1655 726 1855 819 φύσιν
1897 727 2247 819 προτάσεις
2296 734 2512 818 appel-

303 831 397 895 lat
421 854 488 916 p.
520 832 668 910 331,
702 834 803 896 19.
872 832 1251 899 Aristoteles
1287 856 1444 899 vero
1482 838 1547 899 in
1589 835 1815 901 eodem
1855 839 2368 921 propositionum
2403 858 2512 923 ge-

304 955 465 999 nere
521 934 626 999 vel
679 933 841 999 nihil
894 939 1156 1000 omnino
1216 937 1323 1001 vel
1372 960 1492 1023 per
1537 938 1829 1003 accidens
1877 937 2116 1024 aliquid
2160 937 2523 1024 praedicari

306 1049 531 1103 censet
571 1038 695 1102 An.
740 1047 908 1124 post.
955 1039 986 1103 1
1032 1041 1092 1106 4.
1134 1042 1263 1106 83«
1296 1043 1362 1106 4:
1410 1036 1575 1106 ὅταν
1616 1043 1737 1126 μὲν
1780 1035 1908 1126 γὰρ
1951 1034 2031 1106 τὸ
2074 1035 2304 1107 λευκὸν
2346 1036 2513 1106 εἶναι

306 1143 415 1229 φῶ
471 1135 696 1220 ξύλον,
754 1136 904 1206 τότε
959 1143 1122 1226 λέγω
1183 1138 1287 1208 ὅτι
1330 1133 1384 1226 ᾦ
1429 1146 1800 1229 συμβέβηκε
1843 1145 2045 1226 λευκῷ
2096 1140 2261 1211 εἶναι
2318 1141 2514 1223 ξύλον

304 1246 502 1322 ἐστίν,
546 1241 692 1308 ἀλλ’
731 1242 851 1329 οὐχ
895 1242 983 1321 ὡς
1023 1240 1103 1310 τὸ
1146 1243 1576 1330 ὑποκείμενον
1618 1250 1710 1330 τῷ
1756 1242 1925 1329 ξύλῳ
1968 1241 2046 1312 τὸ
2090 1242 2318 1312 λευκόν
2355 1251 2510 1312 ἐστι.

309 1384 391 1399 -
424 1349 588 1414 ἔστω
627 1384 729 1425 -,
764 1341 840 1412 τὸ
886 1345 946 1412 δ’
986 1351 1244 1425 ἐκείνως
1281 1341 1432 1428 ἤτοι
1466 1350 1787 1434 μηδαμῶς
1823 1358 2227 1437 κατηγορεῖν,
2273 1342 2319 1429 ἢ
2355 1373 2513 1415 κατ-

302 1457 572 1535 ηγορεῖν
625 1452 745 1534 μὲν
801 1443 893 1534 μὴ
951 1449 1203 1530 ἁπλῶς,
1269 1449 1441 1516 κατὰ
1507 1446 1921 1536 συμβεβηκὸς
1979 1452 2048 1516 δὲ
2105 1464 2512 1539 κατηγορεῖν.

307 1554 386 1619 ef.
427 1554 548 1618 An.
588 1574 681 1639 pr.
720 1554 750 1616 Ι
794 1556 900 1619 27.
949 1555 1071 1620 ⁴13⁶
1108 1558 1214 1621 34.
1250 1593 1332 1608 -
1382 1554 1549 1622 Cum
1596 1557 1695 1620 his
1739 1557 2005 1619 inversis
2053 1565 2118 1619 et
2158 1550 2343 1641 παρὰ
2387 1551 2515 1645 φύ-δ

305 1676 414 1723 σιν
451 1650 809 1740 προτάσεσι
839 1658 1218 1723 Aristoteles
1263 1669 1605 1745 comparat,
1643 1658 1819 1745 quod
1861 1657 2090 1722 dicitur
2127 1650 2207 1722 τὸ
2240 1652 2333 1740 μὴ
2372 1660 2515 1722 λου-

305 1754 426 1825 κόν
471 1756 653 1837 εἶναι,
699 1754 803 1824 ὅτι
836 1751 891 1843 ᾦ
926 1762 1353 1847 συμβέβηκεν,
1398 1768 1605 1828 ἐκεῖνο
1650 1765 1843 1839 ἔστιν,
1883 1780 1919 1817 a
1937 1761 2041 1825 18.
2117 1759 2316 1846 Quod
2357 1781 2517 1846 quo-

305 1862 504 1927 modo
542 1865 752 1949 possit
781 1868 1132 1951 comparari
1160 1869 1364 1955 magis
1392 1876 1676 1953 apparet,
1721 1867 1778 1929 si
1821 1858 1897 1929 τὸ
1942 1857 2037 1948 μὴ
2077 1857 2305 1929 λευκὸν
2341 1866 2516 1930 ἔστιν

305 1963 557 2051 plenius
603 1968 691 2032 ita
739 1966 996 2033 dixeris:
1044 1962 1122 2034 τὸ
1167 1963 1260 2053 μὴ
1307 1965 1536 2036 λευκόν
1582 1974 1758 2035 ἐστιν
1797 1962 1898 2034 ὅν.
1987 1969 2297 2032 Nimirum
2341 1961 2551 2052 quod·

307 2069 663 2134 subiectum
708 2081 808 2135 est
851 2072 1057 2137 colori
1102 2094 1237 2137 non
1282 2072 1463 2152 albo,
1519 2068 1597 2139 τὸ
1644 2067 1750 2150 ὅν,
1795 2074 1863 2136 in
1909 2069 2312 2135 enunciando
2360 2069 2519 2134 abiit

305 2174 376 2235 in
418 2171 632 2238 locum
674 2175 1053 2259 praedicati,
1109 2179 1350 2262 pariter
1394 2185 1584 2262 atque
1628 2179 1695 2240 in
1742 2178 2192 2240 enunciatione
2234 2168 2313 2238 τὸ
2355 2196 2517 2257 μου·

309 2269 497 2340 σικὸν
538 2271 907 2364 ἄνθρωπός
950 2285 1086 2345 ἐστι
1129 2278 1481 2366 praedicati
1526 2280 1736 2346 locum
1783 2278 1851 2343 id
1897 2279 2176 2356 obtinet,
2225 2277 2402 2363 quod
2443 2297 2519 2341 re

307 2381 447 2465 ipsa
491 2379 839 2446 subiectum
887 2394 1002 2448 est.
1033 2421 1118 2433 --
1165 2378 1241 2448 τὸ
1286 2376 1383 2468 μὴ
1426 2378 1673 2462 λευκόν,
1717 2381 1894 2468 quod
1923 2381 2258 2448 Bekkerus
2295 2402 2334 2445 e
2373 2380 2516 2445 eod.

305 2482 398 2548 Ab
433 2489 704 2571 recepit,
761 2496 828 2551 et
869 2486 1214 2552 Alexandri
1272 2491 1650 2554 auctoritate
1708 2485 2120 2551 confirmatur
2172 2494 2236 2550 et
2279 2488 2520 2571 praeci-

309 2608 438 2673 pue
481 2587 892 2654 similitudine
936 2589 1066 2654 loei
1109 2594 1183 2656 A
1232 2593 1294 2655 1.
1344 2592 1555 2657 10690
1589 2592 1695 2654 24.

438 2692 520 2770 ὀ)
565 2693 1104 2758 1017a22-30.
1175 2694 1497 2778 Quoniam
1536 2692 1899 2780 praedicata
1939 2695 2168 2770 omnia,
2204 2712 2518 2778 quaecun-

307 2816 432 2881 que
476 2794 666 2860 alicui
709 2801 804 2862 rei
850 2798 1044 2862 tribui
1089 2807 1391 2883 possunt,
1446 2796 1528 2861 ad
1576 2796 1794 2861 decem
1842 2795 1949 2860 illa
1997 2816 2233 2861 summa
2280 2814 2519 2883 genera

305 2897 708 2987 rediguntur,
767 2922 931 2986 quae
983 2903 1237 2987 saepius
1284 2899 1662 2965 Aristoteles
1723 2910 1787 2965 et
1832 2899 2115 2964 distinxit
2160 2909 2224 2964 et
2270 2920 2522 2964 enume-
2614 2918 2621 2923 ·

306 3007 500 3083 ravit,
548 3014 740 3090 atque
785 3003 1058 3089 quodvis
1101 3003 1535 3091 praedicatum
1585 3026 1724 3068 cum
1769 3003 2063 3068 subiecto
2108 3001 2213 3067 vel
2259 3006 2523 3069 coniun-

305 3110 481 3195 gitur
507 3127 628 3194 per
655 3106 917 3171 verbum
949 3112 1088 3172 ἐστι
1118 3106 1227 3171 vel
1266 3118 1483 3195 potest
1527 3109 1834 3195 coniungi
1875 3101 2280 3191 (ἄνθρωπος
2308 3103 2522 3187 ὑγιαί-

305 3230 442 3276 νων
494 3213 673 3276 ἐστίν
728 3210 897 3275 idem
954 3211 1276 3298 significat
1334 3224 1524 3297 atque
1583 3205 1948 3297 ἄνθρωπος
1988 3205 2282 3290 ὑγιαίνει,
2324 3210 2519 3286 1128),

307 3316 487 3398 quasi
540 3317 680 3400 ipsa
739 3314 970 3400 copula
1028 3314 1339 3379 adsciscat
1392 3313 1934 3399 praedicatorum,
1993 3310 2220 3396 quibus
2265 3309 2521 3374 adhibe—

306 3426 427 3494 tur,
471 3420 599 3481 vim
644 3427 711 3482 et
752 3417 1132 3496 discrimina,
1178 3416 1443 3482 totidem
1491 3416 1698 3481 modis
1744 3409 1819 3481 τὸ
1866 3409 2032 3480 εἶναι
2071 3417 2398 3479 enunciari
2431 3414 2523 3478 di·

309 3521 412 3597 cit,
459 3531 619 3606 quot
662 3525 794 3586 sint
834 3543 1070 3586 summa
1112 3520 1621 3608 praedicatorum
1660 3541 1916 3608 genera,
1964 3519 2043 3582 cf.
2075 3518 2194 3581 An.
2227 3538 2322 3604 pr.
2354 3518 2385 3582 1
2414 3520 2520 3583 37.

309 3624 382 3688 In
428 3625 505 3687 iis
552 3625 996 3690 enumerandis
1042 3626 1103 3688 h.
1136 3625 1178 3688 Ι.
1225 3618 1302 3689 τὸ
1339 3627 1611 3690 κεῖσθαι
1648 3634 1715 3688 et
1753 3618 1828 3688 τὸ
1865 3625 2029 3709 ἔχειν
2066 3625 2313 3699 omittit,
2359 3642 2524 3706 quae

311 3726 532 3791 eadem
578 3727 734 3793 alibi
771 3732 1002 3794 omissa
1036 3728 1341 3806 videnum,
1385 3729 1455 3795 E
1482 3730 1543 3792 2.
1585 3728 1924 3793 10260236.
1971 3725 2041 3789 Κ
2074 3726 2177 3789 12.
2225 3727 2435 3790 1068a
2459 3726 2523 3789 8.

311 3827 695 3917 Categorias
757 3842 962 3898 autem
1025 3830 1200 3917 quod
1260 3830 1413 3895 dicit
1470 3827 1776 3917 σχήματα
1835 3832 1950 3909 τῆς
1992 3829 2392 3927 ξατηγορίας
2444 3828 2521 3892 cf.

311 3954 476 4019 quae
521 3933 603 3999 de
646 3956 790 3999 voc.
838 3937 1062 4020 σχῆμα
1108 3937 1402 4019 exposuit
1448 3933 1750 3998 Trendel.
1798 3934 1945 3996 Kat.
1992 3954 2055 4016 p.
2090 3933 2127 3996 7
2177 3952 2271 4015 sq.

442 4041 521 4116 c)
567 4039 778 4107 1⁰17a
807 4039 1115 4105 31—35.
1193 4040 1477 4103 Tertiam
1519 4038 1644 4103 τοῦ
1685 4031 1853 4102 εἶναι
1893 4037 2243 4112 notionem,
2291 4055 2365 4097 ex
2401 4056 2522 4119 qua

308 4136 389 4205 τὸ
433 4137 603 4209 εἶναι
644 4144 990 4221 veritatem,
1034 4136 1112 4209 τὸ
1147 4139 1243 4226 μὴ
1283 4135 1450 4207 εἶναι
1482 4140 1718 4207 falsum
1753 4137 2087 4226 signifieat,
2131 4138 2391 4203 uberius
2424 4159 2526 4202 ex-

304 4246 581 4330 positam
626 4245 895 4333 legimus
941 4247 1008 4311 E
1041 4248 1101 4311 4.
1130 4245 1213 4309 «Θ
1241 4247 1346 4311 10.
1394 4244 1473 4311 cf.
1503 4244 1576 4310 K
1605 4245 1667 4310 8.
1702 4245 1912 4309 1065a
1935 4243 2246 4308 21-26.
2321 4237 2525 4325 Quod

306 4357 519 4414 autem
566 4348 747 4414 dicit:
789 4344 870 4415 τὸ
916 4343 1086 4416 εἶναι
1127 4348 1435 4432 σημαίνει
1475 4349 1587 4414 καὶ
1632 4341 1709 4414 τὸ
1755 4348 1930 4414 ἔστιν
1975 4341 2080 4412 ὅτι
2122 4343 2398 4425 ἀληθές,
2443 4335 2522 4407 τὸ

395 4455 601 4508 Aristot.
627 4455 847 4525 metaph.
873 4455 954 4507 ed.
980 4453 1162 4508 Bonitz
1184 4454 1299 4507 Vol.
1324 4455 1386 4506 II.
2056 4452 2123 4503 16
