3043 4973
1176 231 1223 302 I
1262 227 1331 302 3.
1413 226 1683 304 10541».
2387 225 2534 304 425

330 402 509 468 amr.
592 401 692 471 ιω
737 410 913 468 recte
958 402 1241 470 distinxit
1282 402 1645 470 Alexander
1686 407 1756 470 in
1800 380 2274 484 memmio,
2317 412 2390 470 st
2430 402 2540 469 vel

332 508 470 572 eius
508 508 885 574 auctoritate
924 506 1007 574 ad
1046 506 1545 574 confirmandam
1587 507 1933 576 lectionem
1974 503 2053 575 τὸ
2097 505 2158 575 δ’
2197 511 2290 573 uti
2331 507 2538 574 liceat.

335 645 417 664 -
465 612 618 676 Tria
660 612 857 699 igitur
898 610 1234 700 distinguit
1266 611 1374 676 Ar.
1417 611 1774 678 identitatis
1803 633 2058 701 genera,
2102 632 2372 698 quorum
2413 614 2540 697 pri·

330 734 499 778 mum
544 733 620 779 ex
663 735 834 780 mera
879 719 1125 782 numeri
1168 717 1427 795 unitate,
1472 715 1736 782 alterum
1784 738 1859 781 ex
1903 719 2148 782 unitate
2189 726 2257 782 et
2294 717 2540 781 numeri

334 815 417 882 et'
438 819 743 914 notiopis,
786 821 1041 886 tertium
1082 841 1159 885 ex
1188 822 1428 884 unitate
1457 822 1746 886 notionis
1775 818 2206 884 substantialis
2237 818 2536 905 pendeat.

331 921 524 985 Primi
566 924 825 1009 generis
870 923 1224 1010 exemplum
1267 944 1403 988 non
1447 923 1675 1002 attulit,
1718 921 1835 988 sed
1879 945 2069 1008 quum
2114 925 2364 988 numeri
2400 924 2540 987 uni-

332 1032 529 1089 tatem
570 1028 760 1092 unice
803 1028 1117 1111 requirat,
1168 1036 1235 1092 et
1277 1029 1585 1112 opposito
1630 1028 1923 1113 proximo
1968 1047 2210 1113 genere
2253 1027 2538 1090 notionis

334 1136 403 1192 et
444 1126 837 1196 substantiae
892 1132 1196 1202 unitatem
1255 1133 1446 1196 tacite
1490 1127 1814 1207 excludat,
1871 1127 2234 1195 Alexander
2276 1128 2538 1194 dubium

332 1251 468 1296 non
525 1241 625 1298 est
680 1236 833 1318 quin
883 1254 1036 1300 vere
1078 1231 1534 1300 accidentalem
1577 1230 1927 1297 identitatis
1968 1235 2095 1297 vim
2138 1230 2538 1312 intellexerit,

330 1332 417 1400 de
462 1355 584 1421 qua
631 1334 866 1402 dictum
913 1345 1012 1402 est
1051 1336 1134 1402 ad
1165 1337 1221 1406 Δ
1248 1339 1310 1402 9.
1361 1338 1566 1403 1017ῠ
1594 1337 1683 1401 24
1725 1357 1859 1422 sqq.
1939 1336 2150 1422 Atque
2192 1336 2319 1402 boc
2362 1335 2541 1402 iden·-

336 1441 532 1504 titatis
578 1461 785 1527 genus
828 1462 1019 1525 quum
1062 1461 1103 1506 a
1145 1441 1404 1526 propria
1450 1448 1518 1503 et
1558 1438 1748 1525 plena
1784 1437 2133 1504 identitatis
2160 1443 2227 1506 vi
2256 1435 2539 1526 aliqnan-

334 1551 467 1607 tum
494 1541 771 1622 recedat,
815 1541 1069 1609 adiecto
1117 1541 1423 1610 adverbio
1468 1544 1676 1609 ἐνίοτε
1719 1540 1788 1607 id
1828 1541 2082 1607 videtur
2121 1541 2537 1631 significasse.

332 1645 617 1712 Alterum
663 1668 867 1735 genus
910 1651 1053 1734 ipse
1082 1645 1461 1712 Aristoteles
1505 1645 1794 1712 adhibito
1841 1645 2133 1733 exemplo
2174 1646 2537 1712 illustravit.

332 1750 410 1816 ln
463 1754 655 1816 tertio
713 1760 921 1818 autem
978 1771 1220 1838 genere
1272 1748 1646 1815 definiendo
1693 1771 1878 1836 quam
1925 1750 2079 1816 dicit
2118 1745 2384 1839 πρώτην
2427 1748 2541 1817 οὐ·

330 1852 490 1918 σίαν
536 1874 611 1918 ea
658 1864 756 1918 est
797 1857 1092 1940 primaria
1135 1857 1232 1920 rei
1277 1862 1519 1932 natura,
1565 1876 1690 1941 qua
1738 1853 1889 1940 quid
1935 1858 2017 1920 sit
2058 1877 2163 1920 res
2200 1854 2543 1920 definiatur

330 1958 635 2024 seiunctis
691 1957 990 2024 omnibus
1050 1958 1509 2038 accidentibus,
1568 1962 1704 2028 sive
1746 1962 1954 2044 ipsum
1998 1956 2076 2024 τὸ
2118 1960 2184 2023 τί
2228 1948 2311 2039 ἦν
2357 1954 2541 2035 εἶναι,

335 2058 415 2124 cf.
447 2062 512 2124 Z
537 2063 598 2127 7.
640 2062 843 2128 1⁰:32⁶
871 2065 938 2125 l:
1000 2057 1171 2139 εἶδος
1213 2062 1283 2128 δὲ
1325 2063 1489 2145 λέγω
1534 2058 1613 2126 τὸ
1658 2062 1724 2126 τί
1767 2050 1854 2141 ἦν
1897 2058 2067 2127 εἶναι
2103 2057 2388 2127 ἑκάστου
2427 2061 2543 2126 καὶ

331 2157 456 2242 τὴν
497 2158 765 2250 πρώτην
806 2162 1063 2232 οὐσίαν.
1137 2166 1283 2232 Hoc
1327 2175 1536 2231 autem
1583 2186 1790 2253 genus
1835 2187 2023 2251 quum
2069 2163 2150 2228 ab
2197 2165 2371 2229 omni
2414 2184 2543 2230 ma-

334 2269 536 2334 teriae
582 2276 647 2331 et
690 2268 1109 2336 accidentium
1155 2272 1546 2357 contagione
1591 2268 1861 2334 liberum
1907 2271 2008 2348 sit,
2049 2269 2254 2354 primo
2298 2267 2542 2355 generi,

332 2368 513 2456 quod
554 2372 626 2438 in
668 2374 810 2458 ipsa
851 2376 1153 2438 materiae
1189 2382 1255 2438 et
1285 2375 1534 2437 numeri
1572 2375 1816 2437 unitate
1854 2371 2246 2449 cernebatur,
2291 2379 2389 2436 est
2423 2390 2544 2455 op-

333 2477 634 2561 positum.
677 2511 758 2527 -
809 2469 914 2540 Τοὶ
967 2473 1084 2543 ἶσα
1124 2477 1237 2543 καὶ
1276 2470 1597 2558 ἰσογώνια
1645 2470 2026 2562 τετράγωνα
2066 2477 2178 2554 ὂ2,
2237 2472 2543 2560 quadrata

334 2598 501 2664 quae
550 2588 615 2643 et
656 2578 1097 2666 magnitudine
1141 2589 1207 2643 et
1248 2577 1502 2666 angulis
1550 2579 1837 2665 aequalia
1885 2589 2064 2658 sunt,
2123 2577 2343 2643 eadem
2402 2598 2543 2642 esse

338 2681 662 2760 dicuutur,
720 2681 872 2749 licet
923 2702 1192 2749 numero
1250 2685 1383 2747 sint
1432 2681 1678 2768 plin-ee,
1735 2684 2032 2768 quoniam
2087 2682 2247 2745 haec
2299 2683 2546 2745 numeri

338 2783 669 2871 pluralitas
716 2795 1031 2851 externam
1079 2787 1533 2864 exsistentiam,
1590 2806 1724 2851 nou
1782 2789 1876 2850 rei
1934 2789 2270 2851 essentiam
2322 2794 2388 2848 et
2429 2805 2548 2849 no-

338 2892 579 2957 tionem
636 2891 863 2977 tangit.
966 2888 1286 2955 Articulus
1340 2884 1457 2968 τά,
1514 2891 1624 2974 qui
1680 2892 1750 2954 in
1805 2889 2195 2969 editionibus
2251 2887 2545 2953 omnibus

336 3002 490 3059 ante
534 2987 844 3074 ἰσογώνια
890 2991 1161 3072 additur,
1204 2992 1596 3065 omittendus
1638 3003 1738 3058 est
1782 3015 1921 3059 cum
1956 2992 2134 3058 Alex.
2172 2991 2410 3077 p.588‚
2442 2995 2545 3069 15,

340 3099 488 3182 quia
533 3116 671 3163 non
712 3105 985 3182 possunt
1028 3094 1159 3163 duo
1204 3096 1554 3183 significari
1597 3096 2046 3182 quadratorum
2090 3116 2346 3184 genera,
2390 3116 2549 3182 quo-

339 3221 478 3264 rum
522 3198 787 3265 alterum
834 3200 1220 3267 extensionis
1266 3199 1532 3264 alterum
1583 3198 1964 3287 angulorum
2012 3198 2396 3284 aequalitate
2437 3196 2548 3263 de-

338 3302 614 3381 finiatur,
659 3302 775 3368 sed
819 3314 1084 3389 utraque
1131 3302 1479 3388 aequalitas
1523 3304 1589 3366 in
1640 3302 1867 3368 eodem
1912 3322 2154 3389 genere
2195 3303 2549 3388 requiritur,

341 3417 415 3475 ut
456 3417 631 3473 recte
677 3405 805 3473 dici
847 3410 1054 3492 possit
1096 3411 1167 3472 ἐν
1210 3401 1471 3480 τούτοις
1508 3402 1554 3485 ἡ
1601 3400 1826 3484 ἰσότης
1869 3400 2115 3485 ἑνότης.

472 3509 828 3579 Identitatis
854 3531 1097 3597 genera
1118 3509 1229 3574 Ar.
1259 3509 1480 3596 paullo
1514 3508 1702 3573 aliter
1730 3507 2065 3598 distinguit
2089 3511 2145 3577 A
2165 3513 2227 3576 9.
2257 3511 2467 3577 1018a
2486 3512 2548 3574 6.

344 3616 513 3700 Top.
542 3615 575 3678 I
612 3615 874 3681 7.1032
900 3617 960 3679 6.
1020 3614 1177 3678 VIII
1215 3615 1473 3680 1.152b
1500 3615 1607 3692 31,
1651 3611 1930 3681 of.1511›
1955 3615 2062 3680 29.

470 3716 553 3799 ὀ)
582 3718 971 3787 .-1⁰54b3
989 3717 1079 3782 13
1119 3711 1197 3781 τὸ
1242 3710 1538 3801 ὅμοιον
1581 3716 2302 3799 (cf.A9.1o18a15).
2368 3716 2552 3781 Simi-

343 3820 651 3891 litudinis
676 3842 920 3909 genera
961 3824 1050 3885 ita
1096 3831 1438 3899 enumerat,
1482 3831 1556 3885 ut
1597 3818 1906 3907 deinceps
1950 3824 2017 3885 in
2061 3822 2350 3906 proximo
2394 3841 2555 3907 quo·

346 3947 471 4011 que
515 3944 754 4012 genere
796 3928 1008 3989 minor
1051 3945 1128 3987 ac
1171 3921 1447 3988 debilior
1492 3933 1790 3989 cernatur
1831 3923 2076 3988 formae
2116 3926 2341 3988 unitas.
2418 3925 2553 3989 Pri-

345 4051 517 4095 mum
562 4032 729 4097 enim
774 4050 994 4116 genus,
1041 4047 1230 4113 quum
1274 4027 1500 4092 similia
1548 4049 1625 4091 ea
1667 4026 1983 4103 dicuntur,
2029 4049 2206 4112 quae,
2251 4026 2402 4092 licet
2436 4026 2555 4093 dif-

345 4133 559 4199 ferant
614 4153 731 4218 per
791 4140 1151 4199 concretam
1211 4134 1635 4197 exsistentiam
1697 4122 1907 4212 (κατὰ
1956 4152 2081 4210 την
2139 4120 2374 4196 ουσίαν
2431 4126 2554 4211 τὴν

347 4239 769 4320 συγκειμένην
808 4238 922 4315 ῠ4,
965 4235 1049 4300 cf.
1094 4230 1291 4301 οὐσία
1333 4229 1663 4311 σύνθετος
1705 4236 1795 4299 Η
1823 4236 1888 4300 3.
1936 4236 2145 4300 104312
2186 4236 2290 4300 30.
2340 4233 2405 4321 ,A
2446 4234 2553 4297 24.

351 4341 562 4407 1⁰2&
600 4340 717 4419 31,
772 4348 839 4405 et
876 4333 956 4407 τὸ
1001 4340 1512 4425 συνειλημμένον
1557 4338 1641 4404 ad
1684 4339 1754 4405 E
1788 4340 1847 4404 1.
1894 4339 2097 4404 1⁰25b
2138 4337 2296 4419 32),
2341 4346 2554 4401 tamen
