3043 4973
2407 255 2501 330 33

294 427 639 495 vernacule
676 449 790 495 eos
826 430 1294 517 interpretatur,
1339 451 1481 495 eum
1520 428 1797 517 probare
1835 429 2004 496 hunc
2041 429 2329 498 ordinem
2364 434 2504 499 iure

293 530 585 621 colligas.
653 534 758 599 Ne
794 533 920 599 hoc
950 534 1202 621 quidem
1233 532 1458 599 libello
1492 557 1528 598 a
1560 534 2026 622 Metaphysicis
2060 535 2330 614 secluso,
2367 539 2504 602 uni-

292 659 575 716 versum,
623 640 727 723 qui
773 659 943 703 nunc
985 637 1310 726 vulgatur,
1354 637 1660 705 librorum
1710 636 1997 704 ordinem
2045 649 2258 706 tuetur
2301 650 2366 705 et
2411 662 2506 704 ar-

291 751 602 829 gumento
650 745 916 827 copiose
954 745 1246 829 exposito
1286 742 1710 830 comprobare
1744 741 1958 809 studet
1985 742 2503 809 Brummerstiidt.

291 845 596 931 Denique
638 844 971 922 Michelet,
1017 848 1072 911 si
1118 849 1458 911 omittimus
1505 869 1667 933 quae
1714 845 1796 912 de
1843 857 2159 935 tempore,
2205 868 2334 934 quo
2381 849 2506 911 sin·

292 948 485 1037 gulos
517 949 1102 1035 Metaphysicorum
1149 949 1350 1016 libros
1394 954 1662 1039 primum
1708 954 2159 1038 conscripserit
2197 953 2507 1017 Aristote-

290 1052 409 1131 les,
451 1052 692 1118 deinde
720 1055 1130 1132 coniunxerit,
1167 1066 1298 1120 tum
1331 1057 1763 1120 retractaverit
1794 1065 1860 1120 et
1887 1058 2145 1134 auxerit,
2188 1057 2349 1120 scire
2385 1055 2505 1120 sibi

289 1156 564 1236 videtur,
610 1156 690 1221 ah
736 1158 854 1221 hac
896 1160 1210 1223 sententia
1257 1161 1342 1223 ita
1386 1168 1627 1225 tantum
1674 1157 1955 1237 discedit,
2003 1169 2075 1222 ut
2116 1157 2321 1224 libros
2356 1159 2518 1224 MN

290 1260 636 1347 ponendos
689 1270 946 1326 censeat
987 1272 1136 1327 ante
1181 1261 1411 1327 librum
1454 1265 1550 1328 A.
1599 1298 1681 1314 -
1740 1264 1827 1327 Hi
1882 1260 2134 1349 quidem
2191 1264 2310 1325 viri
2356 1261 2504 1326 dum

289 1367 685 1451 patrocinari
705 1364 1003 1430 videntur
1025 1367 1269 1446 eximio,
1300 1365 1475 1453 quod
1498 1366 1886 1452 praedicant,
1918 1363 2275 1431 Aristotelis
2304 1367 2507 1452 operi,

290 1488 526 1534 vereor
569 1487 654 1532 ne
688 1488 985 1543 summam
1025 1471 1269 1535 auctori
1309 1470 1587 1535 inferant
1619 1472 1936 1544 iniuriam;
1982 1492 2166 1556 quam
2204 1472 2368 1535 enim
2404 1490 2507 1534 so·

289 1570 575 1635 cordiam
624 1581 691 1636 et
732 1570 1182 1659 negligentiam
1228 1576 1329 1639 vix
1373 1576 1442 1639 in
1476 1572 1797 1638 levissimo
1833 1577 2146 1659 scriptore
2180 1572 2506 1639 serendam

287 1685 500 1762 putes,
544 1696 681 1738 eam
728 1696 970 1740 summo
1015 1675 1406 1763 philosopho
1453 1676 1817 1742 adscribere
1861 1697 1997 1743 non
2041 1676 2351 1742 dubitant.

427 1777 843 1844 Brandisii
883 1778 964 1844 de
999 1779 1178 1845 libris
1210 1780 1661 1867 metaphysicis
1692 1783 2067 1847 sententiam
2099 1801 2235 1847 non
2267 1790 2364 1845 est
2393 1803 2508 1846 cur

290 1882 513 1947 denuo
562 1903 903 1968 exponam3
952 1886 1085 1948 eius
1133 1885 1298 1948 enim
1344 1886 1732 1970 potissimam
1778 1887 2154 1949 sententiam
2193 1902 2296 1977 me
2332 1906 2508 1950 secu-

287 1998 424 2051 tum
471 2007 610 2050 esse
658 1985 738 2051 ab
781 1989 967 2052 initio
1012 1987 1456 2073 disputationis
1503 1987 1648 2065 dixi,
1694 1996 1759 2053 et
1802 1987 2006 2054 sicubi
2051 1986 2506 2055 discedendum

285 2088 632 2155 videbatur
672 2092 739 2155 in
784 2093 923 2177 ipsa
965 2093 1087 2156 iam
1135 2089 1567 2177 disputatione
1612 2093 1851 2157 monui.

426 2194 675 2259 Eodem
702 2192 838 2258 iere
866 2216 995 2280 quo
1018 2193 1389 2259 Brandisius
1415 2204 1705 2280 tempore
1734 2196 1898 2260 hanc
1920 2199 2357 2283 quaestionem
2383 2199 2509 2261 exi-

288 2301 416 2362 mia
462 2319 601 2361 cum
634 2297 923 2363 doctrina
955 2309 1020 2364 et
1048 2297 1374 2387 diligentia
1406 2302 1699 2365 tractavit
1728 2301 1825 2363 vir
1856 2299 2083 2365 doctus
2116 2299 2507 2388 Francogal-

286 2400 395 2466 lus
425 2400 657 2466 Felix
687 2404 1174 2482 Ravaisson,
1220 2405 1326 2491 qui
1370 2402 1546 2489 quod
1585 2402 1754 2468 haud
1786 2406 2005 2491 paucis
2037 2407 2103 2469 in
2132 2405 2324 2469 rebus
2357 2424 2509 2470 con·

288 2511 489 2572 sentit
533 2529 673 2571 cum
719 2508 1088 2587 Brandisio,
1147 2511 1324 2574 cuius
1382 2506 1667 2574 nondum
1714 2518 1984 2574 noverat
2028 2511 2508 2574 commentatio-

286 2632 469 2690 nem,
522 2609 760 2697 aliquid
802 2611 1056 2677 videtur
1099 2612 1180 2677 ad
1227 2610 1726 2677 confirmandam
1774 2631 1910 2676 eam
1956 2614 2332 2677 sententiam
2376 2633 2510 2677 mo·

289 2717 491 2779 menti
536 2715 788 2780 afferre.
871 2718 1229 2782 Ravaisson
1274 2718 1441 2780 enim
1485 2714 1722 2780 librum
1767 2721 1826 2779 α’
1858 2738 1893 2781 a
1941 2715 2390 2802 metaphysicis
2434 2714 2507 2781 li-

287 2818 424 2884 bris
469 2818 552 2883 ad
594 2819 899 2904 physicos
944 2818 1448 2885 transferendum
1486 2829 1720 2897 censet,
1764 2818 2000 2884 deinde
2034 2818 2266 2885 librum
2297 2819 2353 2885 A
2387 2841 2507 2886 suo
2573 2821 2576 2824 ’

288 2922 442 2988 loco
488 2921 874 2988 movendum
920 2946 997 2987 ac
1039 2921 1564 3010 praeponendum
1606 2924 1911 2989 universo
1956 2926 2139 3009 operi
2179 2924 2509 3011 metaphy-

287 3030 456 3102 sico;
505 3026 676 3091 hunc
721 3048 860 3091 esse
902 3026 1077 3092 illum
1124 3026 1353 3094 librum
1393 3048 1580 3112 quem
1609 3027 1945 3114 Diogenes
1978 3030 2329 3094 nominavit
2359 3029 2510 3113 περὶ

289 3131 426 3196 τῶν
495 3131 806 3216 ποσαχῶς
873 3132 1265 3216 λεγομένων,
1336 3140 1557 3216 atque,
1626 3140 1701 3195 ut
1757 3131 1840 3195 sit
1894 3134 2160 3197 seorsim
2218 3133 2507 3217 scriptus,

291 3243 507 3319 aptum
538 3243 751 3298 tamen
780 3234 985 3300 videri
1014 3233 1095 3299 ad
1126 3233 1626 3321 praeparandam
1658 3236 1897 3319 primae
1928 3233 2377 3321 philosophiae
2414 3236 2510 3299 in-

288 3340 688 3403 stitutionem
717 3338 791 3418 ¹).
861 3338 1123 3403 Librum
1172 3338 1219 3403 I
1257 3358 1337 3402 eo
1385 3336 1639 3423 quidem
1684 3358 1826 3402 esse
1848 3337 2144 3413 ‚consilio
2190 3340 2509 3423 scriptum,

288 3450 362 3506 ut
395 3444 788 3506 insereretur
820 3445 1061 3527 primae
1095 3441 1559 3528 philosophiae,
1598 3438 1714 3506 sed
1749 3443 2107 3526 posteriore
2142 3439 2288 3505 libri
2325 3450 2509 3526 parte

291 3544 622 3630 aliquanto
669 3543 928 3632 longius
974 3544 1339 3611 discessisse
1382 3543 1833 3630 philosophum
1879 3542 1958 3608 ab
2004 3547 2147 3630 ipso
2193 3543 2356 3623 fine,
2400 3547 2510 3631 qui

292 3658 431 3713 erat
471 3651 856 3736 propositus,
908 3670 1117 3735 neque
1162 3659 1389 3736 postea
1433 3646 1662 3712 librum
1709 3650 1798 3712 ita
1842 3649 2201 3714 immutasse
2248 3658 2314 3712 et
2356 3668 2509 3714 con·

293 3752 620 3830 formasse,
665 3763 735 3817 ut
780 3763 928 3839 apte
973 3762 1197 3838 posset
1240 3753 1362 3817 toti
1406 3752 1594 3839 operi
1636 3753 1830 3816 intexi
1852 3751 1928 3833 ²).
2003 3750 2181 3816 Libri
2225 3751 2295 3817 K
2336 3754 2510 3836 prio—

401 3959 468 4031 1)
511 3965 554 4017 ll
593 3966 702 4017 saut
743 3966 791 4017 le
836 3978 1099 4035 rapporter
1141 3978 1287 4017 avant
1328 3965 1374 4017 le
1408 3965 1504 4027 1⁸³,
1549 3983 1747 4017 comme
1792 3982 1893 4016 une
1935 3961 2246 4016 dissertation
2290 3960 2509 4031 prelimi-

290 4070 443 4103 nme.
479 4071 533 4121 p.
565 4065 646 4106 ss.
2119 4079 2138 4086 ο

398 4133 466 4203 2)
512 4137 644 4190 Mais
690 4151 816 4188 cette
861 4136 1090 4207 question
1136 4132 1240 4203 (du
1279 4135 1509 4189 ves-itable
1554 4150 1762 4206 rapport
1795 4137 1857 4187 de
1893 4135 2027 4188 l'etre
2064 4148 2118 4212 et
2149 4135 2212 4186 de
2246 4127 2387 4199 l’un)
2437 4146 2511 4183 est

293 4221 358 4273 ici
400 4223 632 4293 depassee
677 4223 740 4274 de
784 4237 898 4293 trop
947 4224 1071 4286 loin,
1117 4236 1166 4275 et
1197 4224 1245 4275 le
1281 4223 1358 4274 Χο
1389 4223 1534 4285 livre,
1581 4222 1703 4274 dans
1738 4244 1832 4276 son
1865 4224 2300 4292 developpement‚
2348 4220 2508 4270 forme

293 4327 366 4359 un
401 4308 633 4361 veritable
670 4308 886 4379 episode.
946 4310 1089 4362 Nous
1123 4310 1170 4360 le
1207 4310 1527 4362 considerons
1563 4328 1760 4361 comme
1797 4328 1897 4360 une
1932 4310 2079 4360 etude
2108 4306 2193 4376 qui
2220 4303 2382 4357 devait
2406 4308 2509 4356 etre

292 4394 482 4446 fondue
520 4395 642 4447 dans
676 4396 725 4448 la
757 4396 1153 4469 Metaphysique,
1189 4410 1240 4448 et
1273 4395 1362 4466 qui
1394 4393 1476 4448 n’a
1509 4414 1600 4465 pas
1634 4392 1749 4447 subi
1784 4407 1910 4446 cette
1947 4391 2220 4464 operation.
2255 4412 2307 4461 p.
2336 4389 2417 4443 98.

381 4480 587 4535 Aristot.
612 4483 832 4553 metaph.
858 4483 938 4535 ed.
962 4482 1144 4537 Bonita
1167 4483 1282 4537 Vol.
1304 4482 1367 4534 Π.
2070 4481 2100 4533 3
