3043 4973
533 165 677 274 330
1368 203 1444 270 Z
1483 199 1553 271 9.
1639 197 1906 272 1034α.

534 378 795 440 nitatem
841 374 1244 453 antecedunt,
1288 374 1485 439 veluti
1530 372 1723 452 calor,
1767 383 1877 438 aut
1911 393 2030 459 pro
2063 381 2245 460 parte
2274 374 2562 437 sanitatis
2594 380 2746 436 sunt

535 478 843 557 habenda,
890 490 997 544 aut
1039 482 1325 565 sequitur
1370 501 1445 544 ea
1487 478 1595 542 vel
1639 482 1777 564 ipsa
1823 479 2058 542 sanitas
2103 477 2209 542 vel
2252 497 2400 563 pars
2440 479 2742 554 sanitatis,

536 583 613 648 cf.
649 587 707 648 7.
742 585 944 649 10321»
968 586 1073 648 26.
1157 584 1377 668 Itaque
1423 595 1739 669 quatenus
1787 605 1863 648 ex
1908 576 2121 646 calo're
2168 582 2441 646 efficitur
2486 584 2740 657 sanitas,

534 690 669 751 sive
712 691 765 751 is
812 688 1081 753 consilio
1128 685 1358 751 medici
1401 688 1535 750 sive
1582 687 1848 752 fortuito
1896 688 2160 764 exstitit,
2214 688 2306 749 sic
2352 687 2543 749 etiam
2585 704 2742 769 quo-

537 790 875 856 dammodo
923 814 997 856 ex
1042 813 1111 855 re
1157 793 1543 877 cognomine
1590 790 1715 855 dici
1760 800 1976 876 potest
2020 789 2205 854 effici.

666 897 782 959 His
826 899 882 959 si
923 899 990 960 in
1035 898 1397 960 universum
1443 895 1671 959 videor
1715 893 2082 959 Aristotelis
2139 895 2517 958 sententiam
2578 912 2744 956 asse-

538 1011 720 1065 cutus
765 1022 919 1078 esse,
965 1009 1207 1064 restant
1249 1009 1461 1064 tamen
1506 1021 1670 1085 quae
1715 1000 2240 1085 interpretatione
2286 1006 2536 1084 egeant.
2612 997 2744 1059 Pri-

535 1126 704 1168 mum
751 1107 915 1168 enim
963 1107 1309 1194 quaeritur,
1366 1125 1477 1168 cur
1533 1103 1759 1168 dixerit
1816 1100 1884 1181 ἐξ
1936 1095 2284 1185 ὁμωνύμου
2330 1103 2542 1166 omnia
2585 1098 2743 1177 fieri,

537 1229 660 1271 nec
702 1210 922 1293 potius
966 1214 1034 1272 ὲκ
1080 1201 1476 1289 συνωνύμου,
1521 1206 1829 1293 siquidem
1870 1215 1935 1269 et
1973 1226 2077 1269 res
2116 1204 2437 1270 naturales
2473 1203 2640 1268 fiunt
2674 1207 2745 1267 ὲκ

499 1306 961 1395 συνωνύμων,
1010 1323 1072 1377 et
1118 1312 1343 1377 domus
1390 1315 1686 1398 cogitata,
1738 1333 1813 1374 ex
1858 1330 1978 1395 qua
2024 1307 2339 1373 sensibilis
2383 1308 2459 1371 fit
2504 1307 2744 1385 domm,

538 1415 684 1480 huic
725 1424 822 1480 est
858 1412 1247 1498 συνώνυμος,
1288 1426 1599 1501 tamquam
1632 1411 1801 1490 εἶδος
1834 1414 1926 1495 τῷ
1963 1409 2233 1495 συνόλῳ,
2272 1412 2351 1477 cf.
2390 1411 2472 1475 de
2504 1435 2561 1475 v.
2594 1431 2745 1477 συν·-

539 1513 793 1604 ώνυμος
838 1521 919 1585 ad
957 1522 1029 1585 A
1066 1523 1128 1585 6.
1169 1521 1331 1585 987⁶
1372 1521 1475 1584 10.
1566 1517 1697 1583 Sed
1742 1518 2022 1582 calorem
2066 1526 2130 1581 et
2173 1520 2533 1593 sanitatem,
2585 1535 2744 1600 quae

538 1633 687 1686 sunt
730 1626 795 1686 in
843 1622 1045 1688 alter‘o
1092 1623 1518 1689 distinctionis
1566 1622 1879 1700 membro,
1937 1624 2038 1686 vix
2095 1631 2268 1685 recte
2319 1642 2394 1684 ex
2439 1621 2746 1683 Aristote-

535 1725 619 1804 lis
665 1730 980 1792 sententia
1027 1724 1441 1811 συνωνύμους
1483 1728 1746 1800 dixeris;
1792 1734 2137 1813 propterea
2184 1746 2264 1790 eo
2301 1723 2619 1788 vocabulo
2656 1725 2746 1785 vi-

542 1829 728 1896 detur
772 1852 922 1895 usus
970 1852 1125 1908 esse,
1172 1831 1348 1916 quod
1394 1854 1584 1917 quum
1627 1830 1816 1896 latius
1860 1839 2078 1916 pateat
2113 1828 2194 1893 ad
2231 1841 2564 1913 utrumque
2601 1847 2763 1913 pos-⁴

540 1937 623 1998 sit
653 1934 832 1999 trahi.
866 1972 951 1982 —-
997 1934 1253 2001 Deinde
1297 1937 1635 2001 manifesto
1684 1934 2030 2020 depravata
2075 1945 2223 1999 sunt
2267 1933 2460 1998 verba
2497 1933 2655 1996 1124:
2701 1921 2746 2009 ἢ

538 2035 666 2102 ὑπὸ
710 2039 862 2116 νοῦ,
918 2062 1126 2126 neque
1185 2044 1351 2106 enim
1394 2050 1665 2126 possunt
1706 2040 1866 2104 haec
1910 2040 2155 2125 opponi
2200 2040 2516 2122 superiori
2558 2057 2745 2100 mem-

541 2140 695 2208 bro:
755 2137 798 2221 ἢ
842 2147 912 2206 ὲκ
954 2148 1190 2230 μέρους
1234 2141 1604 2229 ὁμωνύμου,
1656 2136 1801 2209 οἷον
1846 2145 2020 2209 οἰκία
2066 2140 2133 2220 ἐξ
2179 2143 2404 2219 οἰκίας,
2449 2142 2744 2225 quoniam

541 2247 830 2332 genitivo
892 2249 1102 2323 οὶκίας
1158 2252 1487 2312 notionem
1549 2246 1821 2312 aedificii
1873 2246 2046 2332 apud
2090 2250 2361 2312 animum
2409 2248 2745 2332 cogitatam

541 2349 888 2436 significat,
947 2349 1060 2416 sed
1116 2356 1434 2437 pertinere
1493 2350 1736 2415 debent
1791 2349 1871 2414 ad
1925 2350 2363 2435 explicandum
2412 2372 2471 2413 v·
2519 2351 2742 2424 οἰκίας.

543 2453 720 2540 Quid
764 2457 1086 2541 scripserit
1128 2455 1538 2535 Aristoteles,
1596 2453 1858 2519 difficile
1906 2463 2002 2521 est
2046 2454 2289 2531 dicere3
2346 2452 2521 2541 quod
2580 2456 2743 2519 enim

543 2558 627 2623 ad
681 2559 855 2647 vulg.
902 2564 1186 2646 proxime
1232 2558 1518 2626 accedat:
1577 2553 1620 2638 ἢ
1664 2551 1796 2624 ὑπὸ
1839 2559 1961 2624 νοῦ
2016 2561 2166 2639 (int.
2215 2560 2388 2638 ἐστί)
2447 2557 2581 2622 vel:
2631 2560 2746 2637 τῆς

540 2657 669 2728 ὑπὸ
712 2668 863 2743 νοῦ,
918 2685 1055 2730 non
1111 2663 1363 2729 videtur
1421 2686 1562 2728 cum
1607 2664 1714 2728 Ar.
1774 2661 2028 2727 dicendi
2084 2662 2547 2728 consuetudine
2599 2666 2746 2727 satis

544 2772 904 2832 concinere.
953 2805 1035 2816 --
1093 2769 1389 2852 Denique
1447 2776 1721 2831 extrema
1767 2767 1962 2831 verba
2005 2769 2167 2833 ‹1292
2227 2760 2330 2831 διὸ
2374 2769 2487 2832 καὶ
2533 2803 2616 2816 -
2661 2769 2747 2832 30

543 2867 899 2955 θερμότης,
945 2881 1218 2956 possunt
1260 2871 1367 2936 illa
1414 2870 1667 2957 quidem
1715 2870 2187 2956 quodammodo
2232 2871 2556 2955 explicari:
2601 2892 2746 2958 pro·

545 2984 766 3058 pterea
818 2974 994 3041 calor
1039 2996 1113 3039 ex
1157 2985 1334 3039 motu
1380 2985 1560 3041 ortus
1608 2974 1836 3039 dicitur
1880 2978 2212 3039 sanitatem
2260 2974 2545 3053 efficere,
2604 2977 2747 3061 quia

544 3076 708 3142 illud
753 3077 1067 3144 iudicatur
1109 3083 1439 3145 sanitatem
1488 3078 1783 3156 efficere,
1840 3081 1941 3142 cui
1997 3090 2308 3165 tamquam
2356 3100 2747 3164 consequens

546 3181 778 3247 accidit
823 3185 1002 3249 calor
1047 3186 1355 3269 corporiS‚
1403 3193 1467 3247 et
1512 3205 1588 3247 ex
1634 3203 1714 3246 eo
1760 3184 2050 3247 nimirum
2095 3187 2346 3248 sanitae.
2426 3182 2558 3248 Sed
2602 3202 2750 3247 con-

545 3298 777 3351 tortam
821 3289 985 3353 hanc
1029 3310 1171 3353 esse
1216 3287 1716 3373 explicationem,
1765 3296 1830 3351 et
1875 3309 2095 3372 parum
2143 3297 2289 3373 apte
2334 3286 2510 3351 aliud
2546 3286 2751 3350 subie-

548 3402 713 3457 ctum
761 3396 919 3476 poni
963 3417 1020 3456 v.
1065 3403 1239 3458 ποιεῖ
1281 3402 1472 3477 atque
1518 3402 1705 3456 antea
1749 3391 1930 3455 verbi
1970 3399 2198 3468 ποιεῖν,
2242 3400 2533 3476 apparet3
2579 3410 2750 3454 acce·

549 3493 641 3559 dit
690 3494 864 3580 quod
912 3494 1088 3559 Alex.
1147 3517 1266 3581 pro
1328 3496 1696 3580 συμβέβηκε
1752 3490 2093 3582 θερμότης
2135 3494 2386 3559 videtur
2427 3493 2750 3559 habuisse:

548 3599 958 3682 συμβέβηκεν
1001 3595 1043 3677 ἡ
1089 3595 1377 3682 ὑγίεια.
1475 3600 1622 3662 Ηοο
1663 3599 2104 3683 reputantibus
2149 3619 2285 3662 non
2329 3597 2751 3683 improbabile

549 3701 869 3766 videbitur
912 3705 1212 3788 scriptum
1258 3702 1477 3767 fuisse:
1538 3695 1640 3766 διὸ
1686 3705 1795 3767 καὶ
1840 3703 2096 3784 λέγεται
2137 3710 2348 3767 ποιεῖν
2396 3704 2547 3782 (int.
2595 3698 2638 3781 ἡ
2684 3705 2754 3765 ἐν

550 3806 629 3894 τῇ
671 3801 921 3884 κινήσει
962 3801 1303 3893 θερμότης
1351 3799 1474 3885 τὴν
1515 3803 1838 3888 ὑγίειαν),
1898 3801 2002 3870 ὅτι
2057 3810 2262 3871 ἐκεῖνο
2319 3808 2473 3886 (int.
2518 3800 2640 3884 τὴν
2684 3807 2755 3868 ἐν

547 3909 642 3989 τῷ
686 3903 940 3991 σώματι
983 3905 1413 3996 θερμότητα)
1457 3916 1646 3988 ποιεῖ,
1690 3899 1745 3992 ᾧ
1791 3902 2156 3976 ἀκολουθεῖ
2195 3911 2310 3975 καὶ
2344 3908 2756 3996 συμβέβηκεν

553 4009 593 4093 ἡ
638 4009 925 4096 ὑγίεια.

686 4118 895 4183 1034a
934 4118 1023 4182 30
1068 4112 1265 4183 ὥστε
1312 4157 1399 4168 —-
1444 4121 1523 4184 127
1573 4114 1785 4184 αὐτῶ
1798 4139 1857 4182 ν.
1957 4115 2272 4180 Particula
2331 4113 2758 4181 concludendi

551 4216 715 4285 ὥστε
772 4240 906 4284 non
963 4220 1216 4286 videtur
1271 4221 1351 4286 ad
1407 4225 1792 4299 universam,
1852 4242 2037 4306 quam
2091 4220 2286 4285 modo
2335 4223 2757 4307 exposuimu8‚

553 4316 1068 4410 disputationem,
1107 4326 1458 4413 ‹121-30,
1503 4325 1727 4391 referri
1774 4345 1982 4411 posse,
2027 4324 2142 4391 sed
2189 4326 2268 4391 ad
2315 4328 2492 4412 prius
2539 4324 2758 4391 distin-
