<?xml version="1.0" encoding="UTF-8"?>
<!DOCTYPE html PUBLIC "-//W3C//DTD XHTML 1.0 Transitional//EN"
    "http://www.w3.org/TR/xhtml1/DTD/xhtml1-transitional.dtd">
<html xmlns="http://www.w3.org/1999/xhtml" xml:lang="en" lang="en">
 <head>
  <title>
</title>
<meta http-equiv="Content-Type" content="text/html;charset=utf-8" />
  <meta name='ocr-system' content='tesseract 3.04.00' />
  <meta name='ocr-capabilities' content='ocr_page ocr_carea ocr_par ocr_line ocrx_word'/>
</head>
<body>
  <div class='ocr_page' id='page_1' title='image "aristotelismeta02bonigoog_0490.png"; bbox 0 0 3043 4973; ppageno 0'>
   <div class='ocr_carea' id='block_1_1' title="bbox 540 180 1905 259">
    <p class='ocr_par' dir='ltr' id='par_1_1' title="bbox 540 180 1905 259">
     <span class='ocr_line' id='line_1_1' title="bbox 540 180 1905 259; baseline -0.004 0"><span class='ocrx_word' id='word_1_1' title='bbox 540 183 687 259; x_wconf 82' lang='lat'>470</span> <span class='ocrx_word' id='word_1_2' title='bbox 1356 186 1435 257; x_wconf 89' lang='grc' dir='ltr'><em>Λ</em></span> <span class='ocrx_word' id='word_1_3' title='bbox 1492 181 1556 254; x_wconf 90' lang='grc'>1.</span> <span class='ocrx_word' id='word_1_4' title='bbox 1638 180 1826 256; x_wconf 81' lang='grc'>1069</span> <span class='ocrx_word' id='word_1_5' title='bbox 1839 205 1905 255; x_wconf 76' lang='lat' dir='ltr'>a.</span> 
     </span>
    </p>
   </div>
   <div class='ocr_carea' id='block_1_2' title="bbox 504 357 2783 4396">
    <p class='ocr_par' dir='ltr' id='par_1_2' title="bbox 504 357 2783 4396">
     <span class='ocr_line' id='line_1_2' title="bbox 544 357 2742 447; baseline -0.002 -21"><span class='ocrx_word' id='word_1_6' title='bbox 544 371 897 440; x_wconf 81' lang='lat' dir='ltr'><strong>concretae,</strong></span> <span class='ocrx_word' id='word_1_7' title='bbox 940 359 1019 425; x_wconf 83' lang='lat' dir='ltr'>cf.</span> <span class='ocrx_word' id='word_1_8' title='bbox 1065 361 1118 425; x_wconf 83' lang='lat' dir='ltr'><em>A</em></span> <span class='ocrx_word' id='word_1_9' title='bbox 1151 360 1257 424; x_wconf 86' lang='grc'><strong>25.</strong></span> <span class='ocrx_word' id='word_1_10' title='bbox 1300 357 1344 423; x_wconf 94' lang='lat' dir='ltr'>l.</span> <span class='ocrx_word' id='word_1_11' title='bbox 1375 358 1419 423; x_wconf 94' lang='lat' dir='ltr'>l.</span> <span class='ocrx_word' id='word_1_12' title='bbox 1470 397 1548 410; x_wconf 94' lang='lat'>-</span> <span class='ocrx_word' id='word_1_13' title='bbox 1598 358 1713 424; x_wconf 87' lang='lat' dir='ltr'>Sin</span> <span class='ocrx_word' id='word_1_14' title='bbox 1756 368 1983 438; x_wconf 92' lang='lat' dir='ltr'>autem,</span> <span class='ocrx_word' id='word_1_15' title='bbox 2027 360 2115 423; x_wconf 88' lang='lat' dir='ltr'>ait</span> <span class='ocrx_word' id='word_1_16' title='bbox 2158 358 2269 422; x_wconf 90' lang='lat' dir='ltr'>Ar.</span> <span class='ocrx_word' id='word_1_17' title='bbox 2311 360 2474 438; x_wconf 69' lang='lat'>«20,</span> <span class='ocrx_word' id='word_1_18' title='bbox 2517 361 2742 447; x_wconf 86' lang='lat' dir='ltr'>singu-</span> 
     </span>
     <span class='ocr_line' id='line_1_3' title="bbox 539 462 2744 552; baseline -0.001 -22"><span class='ocrx_word' id='word_1_19' title='bbox 539 463 742 530; x_wconf 86' lang='lat' dir='ltr'>larum</span> <span class='ocrx_word' id='word_1_20' title='bbox 798 465 1259 552; x_wconf 81' lang='lat' dir='ltr'>categoriarum</span> <span class='ocrx_word' id='word_1_21' title='bbox 1316 465 1542 528; x_wconf 87' lang='lat' dir='ltr'>seriem</span> <span class='ocrx_word' id='word_1_22' title='bbox 1600 462 1912 549; x_wconf 90' lang='lat' dir='ltr'>quandam</span> <span class='ocrx_word' id='word_1_23' title='bbox 1960 484 2099 527; x_wconf 90' lang='lat' dir='ltr'>esse</span> <span class='ocrx_word' id='word_1_24' title='bbox 2145 465 2441 550; x_wconf 86' lang='lat' dir='ltr'>ponimus</span> <span class='ocrx_word' id='word_1_25' title='bbox 2485 464 2637 540; x_wconf 85' lang='grc' dir='ltr'>(καὶ</span> <span class='ocrx_word' id='word_1_26' title='bbox 2682 467 2744 527; x_wconf 79' lang='grc' dir='ltr'>εὶ</span> 
     </span>
     <span class='ocr_line' id='line_1_4' title="bbox 541 565 2740 657; baseline -0.001 -24"><span class='ocrx_word' id='word_1_27' title='bbox 541 570 635 652; x_wconf 79' lang='grc' dir='ltr'>τῷ</span> <span class='ocrx_word' id='word_1_28' title='bbox 676 567 982 657; x_wconf 77' lang='grc' dir='ltr'>ἑφεξῆς),</span> <span class='ocrx_word' id='word_1_29' title='bbox 1040 570 1225 632; x_wconf 89' lang='lat' dir='ltr'>etiam</span> <span class='ocrx_word' id='word_1_30' title='bbox 1277 570 1369 632; x_wconf 88' lang='lat' dir='ltr'>sic</span> <span class='ocrx_word' id='word_1_31' title='bbox 1412 565 1762 632; x_wconf 88' lang='lat' dir='ltr'>substantia</span> <span class='ocrx_word' id='word_1_32' title='bbox 1807 569 2156 654; x_wconf 85' lang='lat' dir='ltr'>principem</span> <span class='ocrx_word' id='word_1_33' title='bbox 2200 565 2412 632; x_wconf 89' lang='lat' dir='ltr'>locum</span> <span class='ocrx_word' id='word_1_34' title='bbox 2458 568 2740 643; x_wconf 82' lang='lat' dir='ltr'>obtinet3</span> 
     </span>
     <span class='ocr_line' id='line_1_5' title="bbox 540 668 2742 757; baseline -0.001 -21"><span class='ocrx_word' id='word_1_35' title='bbox 540 669 782 756; x_wconf 88' lang='lat' dir='ltr'>reliqua</span> <span class='ocrx_word' id='word_1_36' title='bbox 828 674 1037 736; x_wconf 91' lang='lat' dir='ltr'>omnia</span> <span class='ocrx_word' id='word_1_37' title='bbox 1083 694 1157 737; x_wconf 87' lang='lat' dir='ltr'>ex</span> <span class='ocrx_word' id='word_1_38' title='bbox 1201 668 1549 735; x_wconf 88' lang='lat' dir='ltr'>substantia</span> <span class='ocrx_word' id='word_1_39' title='bbox 1596 692 1900 757; x_wconf 88' lang='lat' dir='ltr'>suspensa</span> <span class='ocrx_word' id='word_1_40' title='bbox 1947 681 2094 736; x_wconf 90' lang='lat' dir='ltr'>sunt</span> <span class='ocrx_word' id='word_1_41' title='bbox 2140 680 2203 735; x_wconf 90' lang='lat' dir='ltr'>et</span> <span class='ocrx_word' id='word_1_42' title='bbox 2247 692 2320 734; x_wconf 85' lang='lat' dir='ltr'>ex</span> <span class='ocrx_word' id='word_1_43' title='bbox 2369 693 2443 735; x_wconf 92' lang='lat' dir='ltr'>ea</span> <span class='ocrx_word' id='word_1_44' title='bbox 2487 669 2742 735; x_wconf 89' lang='lat' dir='ltr'>demum</span> 
     </span>
     <span class='ocr_line' id='line_1_6' title="bbox 541 773 2742 862; baseline -0.002 -22"><span class='ocrx_word' id='word_1_45' title='bbox 541 774 610 840; x_wconf 91' lang='lat' dir='ltr'>id</span> <span class='ocrx_word' id='word_1_46' title='bbox 655 775 774 839; x_wconf 88' lang='lat' dir='ltr'>sibi</span> <span class='ocrx_word' id='word_1_47' title='bbox 818 786 1128 862; x_wconf 88' lang='lat' dir='ltr'>repetunt,</span> <span class='ocrx_word' id='word_1_48' title='bbox 1172 786 1243 839; x_wconf 89' lang='lat' dir='ltr'>ut</span> <span class='ocrx_word' id='word_1_49' title='bbox 1287 796 1426 838; x_wconf 89' lang='lat' dir='ltr'>esse</span> <span class='ocrx_word' id='word_1_50' title='bbox 1473 773 1780 855; x_wconf 89' lang='lat' dir='ltr'>dicantur,</span> <span class='ocrx_word' id='word_1_51' title='bbox 1825 797 1946 840; x_wconf 91' lang='lat' dir='ltr'>nec</span> <span class='ocrx_word' id='word_1_52' title='bbox 1990 774 2358 860; x_wconf 89' lang='lat' dir='ltr'>simpliciter</span> <span class='ocrx_word' id='word_1_53' title='bbox 2404 795 2478 838; x_wconf 90' lang='lat' dir='ltr'>ac</span> <span class='ocrx_word' id='word_1_54' title='bbox 2512 795 2629 861; x_wconf 91' lang='lat' dir='ltr'>per</span> <span class='ocrx_word' id='word_1_55' title='bbox 2664 794 2742 837; x_wconf 85' lang='lat' dir='ltr'>se</span> 
     </span>
     <span class='ocr_line' id='line_1_7' title="bbox 544 871 2742 965; baseline -0 -23"><span class='ocrx_word' id='word_1_56' title='bbox 544 876 846 960; x_wconf 78' lang='grc' dir='ltr'><strong><em>(ἁπλῶς)</em></strong></span> <span class='ocrx_word' id='word_1_57' title='bbox 905 899 1045 942; x_wconf 87' lang='lat' dir='ltr'>esse</span> <span class='ocrx_word' id='word_1_58' title='bbox 1103 888 1388 965; x_wconf 83' lang='lat' dir='ltr'><strong>possunt.</strong></span> <span class='ocrx_word' id='word_1_59' title='bbox 1481 880 1655 961; x_wconf 68' lang='lat'>(⁶21</span> <span class='ocrx_word' id='word_1_60' title='bbox 1704 874 1846 963; x_wconf 80' lang='grc' dir='ltr'>ἅμα</span> <span class='ocrx_word' id='word_1_61' title='bbox 1894 876 1951 943; x_wconf 83' lang='grc' dir='ltr'>δ’</span> <span class='ocrx_word' id='word_1_62' title='bbox 1992 875 2131 944; x_wconf 82' lang='grc' dir='ltr'><strong><em>οὐδ’</em></strong></span> <span class='ocrx_word' id='word_1_63' title='bbox 2173 871 2335 944; x_wconf 81' lang='grc' dir='ltr'><strong><em>ὄντα</em></strong></span> <span class='ocrx_word' id='word_1_64' title='bbox 2394 875 2480 955; x_wconf 84' lang='grc' dir='ltr'>ὡς</span> <span class='ocrx_word' id='word_1_65' title='bbox 2537 880 2742 941; x_wconf 80' lang='grc' dir='ltr'><strong><em>εἰπεῖν</em></strong></span> 
     </span>
     <span class='ocr_line' id='line_1_8' title="bbox 504 973 2740 1062; baseline -0 -16"><span class='ocrx_word' id='word_1_66' title='bbox 504 978 766 1058; x_wconf 73' lang='grc' dir='ltr'><strong><em>’ἁπλῶς</em></strong></span> <span class='ocrx_word' id='word_1_67' title='bbox 807 983 1036 1059; x_wconf 84' lang='grc' dir='ltr'><strong><em>ταῦτα,</em></strong></span> <span class='ocrx_word' id='word_1_68' title='bbox 1080 978 1224 1047; x_wconf 84' lang='grc' dir='ltr'><strong><em>οἷον</em></strong></span> <span class='ocrx_word' id='word_1_69' title='bbox 1266 978 1607 1061; x_wconf 81' lang='grc' dir='ltr'><strong><em>ποιότητες</em></strong></span> <span class='ocrx_word' id='word_1_70' title='bbox 1648 984 1759 1047; x_wconf 85' lang='grc' dir='ltr'>καὶ</span> <span class='ocrx_word' id='word_1_71' title='bbox 1796 978 2092 1062; x_wconf 80' lang='grc' dir='ltr'><strong><em>κινήσεις,</em></strong></span> <span class='ocrx_word' id='word_1_72' title='bbox 2136 973 2180 1061; x_wconf 79' lang='grc' dir='ltr'><em>ἢ</em></span> <span class='ocrx_word' id='word_1_73' title='bbox 2216 984 2326 1048; x_wconf 82' lang='grc' dir='ltr'>καὶ</span> <span class='ocrx_word' id='word_1_74' title='bbox 2364 976 2441 1047; x_wconf 80' lang='grc' dir='ltr'>τὸ</span> <span class='ocrx_word' id='word_1_75' title='bbox 2482 977 2560 1047; x_wconf 78' lang='grc' dir='ltr'>οὐ</span> <span class='ocrx_word' id='word_1_76' title='bbox 2593 982 2740 1046; x_wconf 85' lang='grc' dir='ltr'><strong><em>λευ-</em></strong></span> 
     </span>
     <span class='ocr_line' id='line_1_9' title="bbox 544 1078 2741 1165; baseline -0.001 -14"><span class='ocrx_word' id='word_1_77' title='bbox 544 1078 664 1151; x_wconf 82' lang='grc' dir='ltr'>κὸν</span> <span class='ocrx_word' id='word_1_78' title='bbox 704 1088 818 1152; x_wconf 82' lang='grc' dir='ltr'>καὶ</span> <span class='ocrx_word' id='word_1_79' title='bbox 861 1082 978 1151; x_wconf 83' lang='grc' dir='ltr'>οὐκ</span> <span class='ocrx_word' id='word_1_80' title='bbox 1022 1080 1210 1151; x_wconf 72' lang='grc' dir='ltr'><strong>εὐθύ.</strong></span> <span class='ocrx_word' id='word_1_81' title='bbox 1298 1086 1474 1151; x_wconf 87' lang='lat' dir='ltr'>Haec</span> <span class='ocrx_word' id='word_1_82' title='bbox 1517 1086 1713 1151; x_wconf 85' lang='lat' dir='ltr'>verba</span> <span class='ocrx_word' id='word_1_83' title='bbox 1760 1089 1845 1151; x_wconf 90' lang='lat' dir='ltr'>ita</span> <span class='ocrx_word' id='word_1_84' title='bbox 1894 1086 2160 1165; x_wconf 83' lang='lat' dir='ltr'><strong>exhibui,</strong></span> <span class='ocrx_word' id='word_1_85' title='bbox 2207 1098 2279 1152; x_wconf 89' lang='lat' dir='ltr'>ut</span> <span class='ocrx_word' id='word_1_86' title='bbox 2305 1085 2500 1151; x_wconf 75' lang='lat' dir='ltr'>Alex.</span> <span class='ocrx_word' id='word_1_87' title='bbox 2547 1107 2621 1149; x_wconf 86' lang='lat' dir='ltr'>ea</span> <span class='ocrx_word' id='word_1_88' title='bbox 2666 1106 2741 1149; x_wconf 87' lang='lat' dir='ltr'>se</span> 
     </span>
     <span class='ocr_line' id='line_1_10' title="bbox 545 1185 2744 1277; baseline -0 -24"><span class='ocrx_word' id='word_1_89' title='bbox 545 1188 843 1256; x_wconf 83' lang='lat' dir='ltr'>habuisse</span> <span class='ocrx_word' id='word_1_90' title='bbox 888 1189 1121 1255; x_wconf 81' lang='lat' dir='ltr'><strong>diserte</strong></span> <span class='ocrx_word' id='word_1_91' title='bbox 1167 1199 1431 1255; x_wconf 89' lang='lat' dir='ltr'>testatur</span> <span class='ocrx_word' id='word_1_92' title='bbox 1472 1215 1537 1277; x_wconf 88' lang='lat' dir='ltr'>p.</span> <span class='ocrx_word' id='word_1_93' title='bbox 1568 1191 1715 1269; x_wconf 87' lang='grc'><strong>642,</strong></span> <span class='ocrx_word' id='word_1_94' title='bbox 1759 1192 1877 1269; x_wconf 88' lang='grc'>20,</span> <span class='ocrx_word' id='word_1_95' title='bbox 1934 1200 2372 1277; x_wconf 84' lang='lat' dir='ltr'>praeterquam</span> <span class='ocrx_word' id='word_1_96' title='bbox 2434 1187 2604 1275; x_wconf 91' lang='lat' dir='ltr'>quod</span> <span class='ocrx_word' id='word_1_97' title='bbox 2651 1185 2744 1264; x_wconf 82' lang='grc' dir='ltr'>ὡς</span> 
     </span>
     <span class='ocr_line' id='line_1_11' title="bbox 547 1289 2748 1383; baseline -0.001 -24"><span class='ocrx_word' id='word_1_98' title='bbox 547 1297 750 1360; x_wconf 70' lang='grc' dir='ltr'><strong><em>εἰπεῖν</em></strong></span> <span class='ocrx_word' id='word_1_99' title='bbox 786 1292 1008 1371; x_wconf 80' lang='grc' dir='ltr'><strong><em>ἁπλῶς</em></strong></span> <span class='ocrx_word' id='word_1_100' title='bbox 1041 1293 1305 1383; x_wconf 87' lang='lat' dir='ltr'>vulgato</span> <span class='ocrx_word' id='word_1_101' title='bbox 1345 1293 1573 1359; x_wconf 87' lang='lat' dir='ltr'>ordine</span> <span class='ocrx_word' id='word_1_102' title='bbox 1606 1297 1858 1360; x_wconf 78' lang='lat' dir='ltr'>retinui.</span> <span class='ocrx_word' id='word_1_103' title='bbox 1918 1293 2140 1382; x_wconf 82' lang='lat' dir='ltr'>Vulgo</span> <span class='ocrx_word' id='word_1_104' title='bbox 2171 1315 2290 1380; x_wconf 89' lang='lat' dir='ltr'>pro</span> <span class='ocrx_word' id='word_1_105' title='bbox 2328 1295 2555 1370; x_wconf 79' lang='grc' dir='ltr'><strong><em>ταῦτα,</em></strong></span> <span class='ocrx_word' id='word_1_106' title='bbox 2595 1289 2748 1357; x_wconf 81' lang='grc' dir='ltr'><strong><em>οἷον</em></strong></span> 
     </span>
     <span class='ocr_line' id='line_1_12' title="bbox 548 1385 2748 1488; baseline -0.002 -24"><span class='ocrx_word' id='word_1_107' title='bbox 548 1396 877 1464; x_wconf 80' lang='lat' dir='ltr'>exhibetur</span> <span class='ocrx_word' id='word_1_108' title='bbox 916 1388 1129 1463; x_wconf 79' lang='grc' dir='ltr'><strong><em>τᾶλλα</em></strong></span> <span class='ocrx_word' id='word_1_109' title='bbox 1173 1393 1346 1463; x_wconf 77' lang='grc' dir='ltr'><strong><em>ἀλλά</em></strong></span> <span class='ocrx_word' id='word_1_110' title='bbox 1390 1407 1454 1462; x_wconf 88' lang='lat' dir='ltr'>et</span> <span class='ocrx_word' id='word_1_111' title='bbox 1493 1388 1534 1488; x_wconf 82' lang='grc' dir='ltr'>ᾗ</span> <span class='ocrx_word' id='word_1_112' title='bbox 1578 1419 1698 1485; x_wconf 90' lang='lat' dir='ltr'>pro</span> <span class='ocrx_word' id='word_1_113' title='bbox 1744 1392 1806 1478; x_wconf 85' lang='grc' dir='ltr'>ἥ.</span> <span class='ocrx_word' id='word_1_114' title='bbox 1881 1400 1966 1463; x_wconf 90' lang='lat' dir='ltr'>Et</span> <span class='ocrx_word' id='word_1_115' title='bbox 2001 1398 2130 1462; x_wconf 93' lang='lat' dir='ltr'>hoc</span> <span class='ocrx_word' id='word_1_116' title='bbox 2168 1397 2419 1484; x_wconf 90' lang='lat' dir='ltr'>quidem</span> <span class='ocrx_word' id='word_1_117' title='bbox 2458 1400 2663 1483; x_wconf 88' lang='lat' dir='ltr'>ipsum</span> <span class='ocrx_word' id='word_1_118' title='bbox 2704 1385 2748 1485; x_wconf 79' lang='grc' dir='ltr'><strong><em>ᾗ</em></strong></span> 
     </span>
     <span class='ocr_line' id='line_1_13' title="bbox 547 1492 2751 1591; baseline -0.002 -25"><span class='ocrx_word' id='word_1_119' title='bbox 547 1501 698 1567; x_wconf 84' lang='lat' dir='ltr'>facit</span> <span class='ocrx_word' id='word_1_120' title='bbox 739 1513 811 1567; x_wconf 93' lang='lat' dir='ltr'>ut</span> <span class='ocrx_word' id='word_1_121' title='bbox 851 1501 1267 1589; x_wconf 84' lang='lat' dir='ltr'>praeferenda</span> <span class='ocrx_word' id='word_1_122' title='bbox 1310 1505 1392 1566; x_wconf 88' lang='lat' dir='ltr'>sit</span> <span class='ocrx_word' id='word_1_123' title='bbox 1420 1500 1597 1566; x_wconf 86' lang='lat' dir='ltr'><strong>Alex.</strong></span> <span class='ocrx_word' id='word_1_124' title='bbox 1634 1501 1862 1580; x_wconf 83' lang='lat' dir='ltr'>lecti03</span> <span class='ocrx_word' id='word_1_125' title='bbox 1906 1492 1946 1591; x_wconf 83' lang='grc' dir='ltr'><strong><em>ᾗ</em></strong></span> <span class='ocrx_word' id='word_1_126' title='bbox 1992 1505 2158 1566; x_wconf 90' lang='lat' dir='ltr'>enim</span> <span class='ocrx_word' id='word_1_127' title='bbox 2201 1523 2333 1567; x_wconf 92' lang='lat' dir='ltr'>non</span> <span class='ocrx_word' id='word_1_128' title='bbox 2378 1512 2595 1588; x_wconf 88' lang='lat' dir='ltr'>potest</span> <span class='ocrx_word' id='word_1_129' title='bbox 2631 1498 2751 1563; x_wconf 87' lang='lat' dir='ltr'>ali·-</span> 
     </span>
     <span class='ocr_line' id='line_1_14' title="bbox 547 1604 2752 1693; baseline -0.001 -23"><span class='ocrx_word' id='word_1_130' title='bbox 547 1614 649 1670; x_wconf 85' lang='lat' dir='ltr'>ter</span> <span class='ocrx_word' id='word_1_131' title='bbox 687 1608 813 1671; x_wconf 89' lang='lat' dir='ltr'>nisi</span> <span class='ocrx_word' id='word_1_132' title='bbox 852 1605 1020 1670; x_wconf 85' lang='lat' dir='ltr'>hunc</span> <span class='ocrx_word' id='word_1_133' title='bbox 1063 1609 1131 1671; x_wconf 94' lang='lat' dir='ltr'>in</span> <span class='ocrx_word' id='word_1_134' title='bbox 1169 1604 1425 1671; x_wconf 90' lang='lat' dir='ltr'>modum</span> <span class='ocrx_word' id='word_1_135' title='bbox 1466 1606 1792 1693; x_wconf 85' lang='lat' dir='ltr'>explicari:</span> <span class='ocrx_word' id='word_1_136' title='bbox 1836 1629 1998 1693; x_wconf 86' lang='lat' dir='ltr'>quae</span> <span class='ocrx_word' id='word_1_137' title='bbox 2041 1616 2293 1693; x_wconf 86' lang='lat' dir='ltr'>praeter</span> <span class='ocrx_word' id='word_1_138' title='bbox 2326 1604 2752 1689; x_wconf 71' lang='lat' dir='ltr'>substantiam</span> 
     </span>
     <span class='ocr_line' id='line_1_15' title="bbox 548 1708 2754 1796; baseline -0.001 -22"><span class='ocrx_word' id='word_1_139' title='bbox 548 1719 712 1790; x_wconf 83' lang='lat' dir='ltr'>sunt,</span> <span class='ocrx_word' id='word_1_140' title='bbox 754 1731 834 1774; x_wconf 86' lang='lat' dir='ltr'>ea</span> <span class='ocrx_word' id='word_1_141' title='bbox 866 1731 998 1774; x_wconf 86' lang='lat' dir='ltr'>non</span> <span class='ocrx_word' id='word_1_142' title='bbox 1037 1709 1414 1796; x_wconf 87' lang='lat' dir='ltr'>simpliciter,</span> <span class='ocrx_word' id='word_1_143' title='bbox 1451 1710 1565 1775; x_wconf 88' lang='lat' dir='ltr'>sed</span> <span class='ocrx_word' id='word_1_144' title='bbox 1604 1710 2076 1796; x_wconf 88' lang='lat' dir='ltr'>quodammodo</span> <span class='ocrx_word' id='word_1_145' title='bbox 2116 1732 2255 1775; x_wconf 87' lang='lat' dir='ltr'>esse</span> <span class='ocrx_word' id='word_1_146' title='bbox 2287 1708 2594 1786; x_wconf 86' lang='lat' dir='ltr'>dicuntur,</span> <span class='ocrx_word' id='word_1_147' title='bbox 2636 1728 2754 1773; x_wconf 84' lang='lat' dir='ltr'>eo-</span> 
     </span>
     <span class='ocr_line' id='line_1_16' title="bbox 549 1812 2755 1900; baseline -0.001 -22"><span class='ocrx_word' id='word_1_148' title='bbox 549 1812 939 1891; x_wconf 83' lang='lat' dir='ltr'>demmodo,</span> <span class='ocrx_word' id='word_1_149' title='bbox 982 1835 1110 1900; x_wconf 90' lang='lat' dir='ltr'>quo</span> <span class='ocrx_word' id='word_1_150' title='bbox 1151 1817 1337 1879; x_wconf 90' lang='lat' dir='ltr'>etiam</span> <span class='ocrx_word' id='word_1_151' title='bbox 1376 1812 1774 1879; x_wconf 89' lang='lat' dir='ltr'>non-album</span> <span class='ocrx_word' id='word_1_152' title='bbox 1812 1814 1918 1878; x_wconf 80' lang='lat' dir='ltr'>vel</span> <span class='ocrx_word' id='word_1_153' title='bbox 1958 1825 2380 1880; x_wconf 86' lang='lat' dir='ltr'>non-rectum</span> <span class='ocrx_word' id='word_1_154' title='bbox 2423 1834 2561 1877; x_wconf 86' lang='lat' dir='ltr'>esse</span> <span class='ocrx_word' id='word_1_155' title='bbox 2601 1834 2755 1898; x_wconf 87' lang='lat' dir='ltr'>per·-</span> 
     </span>
     <span class='ocr_line' id='line_1_17' title="bbox 548 1917 2752 2003; baseline -0.001 -21"><span class='ocrx_word' id='word_1_156' title='bbox 548 1918 817 1983; x_wconf 90' lang='lat' dir='ltr'>hibetur.</span> <span class='ocrx_word' id='word_1_157' title='bbox 893 1919 991 1982; x_wconf 85' lang='lat' dir='ltr'>-At</span> <span class='ocrx_word' id='word_1_158' title='bbox 1047 1919 1211 1982; x_wconf 84' lang='lat' dir='ltr'>hanc</span> <span class='ocrx_word' id='word_1_159' title='bbox 1266 1917 1750 2003; x_wconf 83' lang='lat' dir='ltr'>explicationem</span> <span class='ocrx_word' id='word_1_160' title='bbox 1808 1917 2144 1985; x_wconf 83' lang='lat' dir='ltr'>admodum</span> <span class='ocrx_word' id='word_1_161' title='bbox 2202 1940 2343 1983; x_wconf 86' lang='lat' dir='ltr'>esse</span> <span class='ocrx_word' id='word_1_162' title='bbox 2388 1926 2752 1982; x_wconf 85' lang='lat' dir='ltr'>contortam</span> 
     </span>
     <span class='ocr_line' id='line_1_18' title="bbox 547 2012 2756 2114; baseline -0.001 -27"><span class='ocrx_word' id='word_1_163' title='bbox 547 2021 733 2087; x_wconf 84' lang='lat' dir='ltr'>facile</span> <span class='ocrx_word' id='word_1_164' title='bbox 761 2021 1092 2101; x_wconf 89' lang='lat' dir='ltr'>concedet,</span> <span class='ocrx_word' id='word_1_165' title='bbox 1137 2024 1245 2108; x_wconf 92' lang='lat' dir='ltr'>qui</span> <span class='ocrx_word' id='word_1_166' title='bbox 1289 2025 1679 2109; x_wconf 82' lang='lat' dir='ltr'>reputaverit</span> <span class='ocrx_word' id='word_1_167' title='bbox 1720 2023 2053 2089; x_wconf 88' lang='lat' dir='ltr'>relativum</span> <span class='ocrx_word' id='word_1_168' title='bbox 2095 2012 2136 2114; x_wconf 80' lang='grc' dir='ltr'><em>ᾗ</em></span> <span class='ocrx_word' id='word_1_169' title='bbox 2182 2043 2315 2089; x_wconf 92' lang='lat' dir='ltr'>non</span> <span class='ocrx_word' id='word_1_170' title='bbox 2352 2022 2556 2085; x_wconf 87' lang='lat' dir='ltr'>statim</span> <span class='ocrx_word' id='word_1_171' title='bbox 2594 2029 2756 2106; x_wconf 88' lang='lat' dir='ltr'>post</span> 
     </span>
     <span class='ocr_line' id='line_1_19' title="bbox 550 2121 2756 2211; baseline -0.001 -22"><span class='ocrx_word' id='word_1_172' title='bbox 550 2123 772 2201; x_wconf 81' lang='grc' dir='ltr'><strong><em>ἁπλῶς</em></strong></span> <span class='ocrx_word' id='word_1_173' title='bbox 808 2130 981 2211; x_wconf 89' lang='lat' dir='ltr'>poni,</span> <span class='ocrx_word' id='word_1_174' title='bbox 1023 2126 1138 2190; x_wconf 91' lang='lat' dir='ltr'>sed</span> <span class='ocrx_word' id='word_1_175' title='bbox 1167 2129 1387 2190; x_wconf 88' lang='lat' dir='ltr'>inseri:</span> <span class='ocrx_word' id='word_1_176' title='bbox 1433 2121 1605 2191; x_wconf 74' lang='grc' dir='ltr'><strong><em>ἀλλὰ</em></strong></span> <span class='ocrx_word' id='word_1_177' title='bbox 1642 2123 1983 2207; x_wconf 76' lang='grc' dir='ltr'><em>ποιότητες</em></span> <span class='ocrx_word' id='word_1_178' title='bbox 2019 2129 2130 2191; x_wconf 83' lang='grc' dir='ltr'>καὶ</span> <span class='ocrx_word' id='word_1_179' title='bbox 2163 2121 2539 2203; x_wconf 77' lang='grc' dir='ltr'><strong><em>ποσότητες,</em></strong></span> <span class='ocrx_word' id='word_1_180' title='bbox 2579 2145 2756 2210; x_wconf 84' lang='lat' dir='ltr'>quae</span> 
     </span>
     <span class='ocr_line' id='line_1_20' title="bbox 551 2226 2757 2315; baseline 0 -24"><span class='ocrx_word' id='word_1_181' title='bbox 551 2228 630 2293; x_wconf 91' lang='lat' dir='ltr'>ad</span> <span class='ocrx_word' id='word_1_182' title='bbox 675 2228 886 2307; x_wconf 88' lang='lat' dir='ltr'>verba,</span> <span class='ocrx_word' id='word_1_183' title='bbox 931 2232 984 2293; x_wconf 87' lang='lat' dir='ltr'>si</span> <span class='ocrx_word' id='word_1_184' title='bbox 1023 2233 1222 2315; x_wconf 80' lang='lat' dir='ltr'>ipsam</span> <span class='ocrx_word' id='word_1_185' title='bbox 1254 2233 1571 2296; x_wconf 87' lang='lat' dir='ltr'>enunciati</span> <span class='ocrx_word' id='word_1_186' title='bbox 1603 2230 2170 2296; x_wconf 85' lang='lat' dir='ltr'>conformationem</span> <span class='ocrx_word' id='word_1_187' title='bbox 2213 2230 2515 2315; x_wconf 70' lang='lat' dir='ltr'>sequen-ie,</span> <span class='ocrx_word' id='word_1_188' title='bbox 2554 2226 2757 2292; x_wconf 83' lang='lat' dir='ltr'>debet</span> 
     </span>
     <span class='ocr_line' id='line_1_21' title="bbox 548 2323 2756 2422; baseline -0 -26"><span class='ocrx_word' id='word_1_189' title='bbox 548 2331 772 2397; x_wconf 83' lang='lat' dir='ltr'>referri</span> <span class='ocrx_word' id='word_1_190' title='bbox 831 2323 903 2422; x_wconf 82' lang='grc' dir='ltr'>ᾗ,</span> <span class='ocrx_word' id='word_1_191' title='bbox 959 2336 1054 2397; x_wconf 90' lang='lat' dir='ltr'>sin</span> <span class='ocrx_word' id='word_1_192' title='bbox 1109 2337 1486 2399; x_wconf 88' lang='lat' dir='ltr'>sententiam</span> <span class='ocrx_word' id='word_1_193' title='bbox 1545 2339 1922 2421; x_wconf 82' lang='lat' dir='ltr'>respexeris,</span> <span class='ocrx_word' id='word_1_194' title='bbox 1976 2355 2113 2399; x_wconf 91' lang='lat' dir='ltr'>non</span> <span class='ocrx_word' id='word_1_195' title='bbox 2168 2342 2402 2419; x_wconf 84' lang='lat' dir='ltr'>potest.</span> <span class='ocrx_word' id='word_1_196' title='bbox 2494 2330 2756 2416; x_wconf 85' lang='lat' dir='ltr'>Quodsi</span> 
     </span>
     <span class='ocr_line' id='line_1_22' title="bbox 549 2432 2757 2527; baseline -0 -25"><span class='ocrx_word' id='word_1_197' title='bbox 549 2436 917 2525; x_wconf 84' lang='lat' dir='ltr'>particulam</span> <span class='ocrx_word' id='word_1_198' title='bbox 962 2432 1006 2518; x_wconf 81' lang='grc' dir='ltr'><em>ἥ</em></span> <span class='ocrx_word' id='word_1_199' title='bbox 1054 2459 1128 2503; x_wconf 85' lang='lat' dir='ltr'>ex</span> <span class='ocrx_word' id='word_1_200' title='bbox 1175 2436 1350 2504; x_wconf 86' lang='lat' dir='ltr'>Alex.</span> <span class='ocrx_word' id='word_1_201' title='bbox 1396 2442 1838 2527; x_wconf 76' lang='lat' dir='ltr'>receperimuS,</span> <span class='ocrx_word' id='word_1_202' title='bbox 1880 2437 2031 2504; x_wconf 90' lang='lat' dir='ltr'>inde</span> <span class='ocrx_word' id='word_1_203' title='bbox 2079 2459 2476 2525; x_wconf 88' lang='lat' dir='ltr'>consequens</span> <span class='ocrx_word' id='word_1_204' title='bbox 2522 2445 2634 2514; x_wconf 82' lang='lat' dir='ltr'>est,</span> <span class='ocrx_word' id='word_1_205' title='bbox 2678 2445 2757 2501; x_wconf 90' lang='lat' dir='ltr'>ut</span> 
     </span>
     <span class='ocr_line' id='line_1_23' title="bbox 550 2542 2756 2630; baseline -0.001 -22"><span class='ocrx_word' id='word_1_206' title='bbox 550 2546 619 2608; x_wconf 91' lang='lat' dir='ltr'>in</span> <span class='ocrx_word' id='word_1_207' title='bbox 665 2544 1102 2630; x_wconf 88' lang='lat' dir='ltr'>superioribus</span> <span class='ocrx_word' id='word_1_208' title='bbox 1148 2547 1333 2609; x_wconf 88' lang='lat' dir='ltr'>etiam</span> <span class='ocrx_word' id='word_1_209' title='bbox 1376 2545 1588 2609; x_wconf 87' lang='lat' dir='ltr'>verbis</span> <span class='ocrx_word' id='word_1_210' title='bbox 1628 2546 1762 2608; x_wconf 89' lang='lat' dir='ltr'>eius</span> <span class='ocrx_word' id='word_1_211' title='bbox 1795 2542 2133 2608; x_wconf 89' lang='lat' dir='ltr'>lectionem</span> <span class='ocrx_word' id='word_1_212' title='bbox 2162 2565 2512 2629; x_wconf 76' lang='lat' dir='ltr'>sequamur,</span> <span class='ocrx_word' id='word_1_213' title='bbox 2557 2564 2756 2627; x_wconf 87' lang='lat' dir='ltr'>quum</span> 
     </span>
     <span class='ocr_line' id='line_1_24' title="bbox 552 2644 2754 2735; baseline -0.001 -23"><span class='ocrx_word' id='word_1_214' title='bbox 552 2670 671 2733; x_wconf 90' lang='lat' dir='ltr'>per</span> <span class='ocrx_word' id='word_1_215' title='bbox 712 2670 784 2712; x_wconf 86' lang='lat' dir='ltr'>se</span> <span class='ocrx_word' id='word_1_216' title='bbox 827 2660 1097 2734; x_wconf 88' lang='lat' dir='ltr'>utraque</span> <span class='ocrx_word' id='word_1_217' title='bbox 1141 2648 1370 2713; x_wconf 90' lang='lat' dir='ltr'>habeat</span> <span class='ocrx_word' id='word_1_218' title='bbox 1414 2671 1543 2735; x_wconf 92' lang='lat' dir='ltr'>quo</span> <span class='ocrx_word' id='word_1_219' title='bbox 1592 2647 2029 2729; x_wconf 77' lang='lat' dir='ltr'>defendatur).</span> <span class='ocrx_word' id='word_1_220' title='bbox 2122 2646 2297 2731; x_wconf 83' lang='lat' dir='ltr'>Quin</span> <span class='ocrx_word' id='word_1_221' title='bbox 2343 2670 2419 2711; x_wconf 90' lang='lat' dir='ltr'>ea</span> <span class='ocrx_word' id='word_1_222' title='bbox 2467 2657 2561 2711; x_wconf 87' lang='lat' dir='ltr'>est</span> <span class='ocrx_word' id='word_1_223' title='bbox 2603 2644 2754 2710; x_wconf 84' lang='lat' dir='ltr'>sub-</span> 
     </span>
     <span class='ocr_line' id='line_1_25' title="bbox 549 2748 2757 2838; baseline -0.001 -24"><span class='ocrx_word' id='word_1_224' title='bbox 549 2754 819 2816; x_wconf 86' lang='lat' dir='ltr'>stantiae</span> <span class='ocrx_word' id='word_1_225' title='bbox 862 2755 977 2830; x_wconf 86' lang='lat' dir='ltr'>vis,</span> <span class='ocrx_word' id='word_1_226' title='bbox 1023 2761 1095 2817; x_wconf 87' lang='lat' dir='ltr'>ut</span> <span class='ocrx_word' id='word_1_227' title='bbox 1136 2751 1243 2816; x_wconf 88' lang='lat' dir='ltr'>vel</span> <span class='ocrx_word' id='word_1_228' title='bbox 1280 2774 1370 2830; x_wconf 91' lang='lat' dir='ltr'>ea,</span> <span class='ocrx_word' id='word_1_229' title='bbox 1418 2774 1581 2838; x_wconf 90' lang='lat' dir='ltr'>quae</span> <span class='ocrx_word' id='word_1_230' title='bbox 1621 2764 1858 2817; x_wconf 90' lang='lat' dir='ltr'>certum</span> <span class='ocrx_word' id='word_1_231' title='bbox 1897 2751 2214 2838; x_wconf 90' lang='lat' dir='ltr'>quidpiam</span> <span class='ocrx_word' id='word_1_232' title='bbox 2247 2772 2381 2815; x_wconf 93' lang='lat' dir='ltr'>non</span> <span class='ocrx_word' id='word_1_233' title='bbox 2414 2758 2577 2827; x_wconf 86' lang='lat' dir='ltr'>sunt,</span> <span class='ocrx_word' id='word_1_234' title='bbox 2615 2748 2757 2813; x_wconf 82' lang='lat' dir='ltr'>vel-</span> 
     </span>
     <span class='ocr_line' id='line_1_26' title="bbox 551 2853 2756 2942; baseline -0.001 -24"><span class='ocrx_word' id='word_1_235' title='bbox 551 2858 643 2918; x_wconf 90' lang='lat' dir='ltr'>uti</span> <span class='ocrx_word' id='word_1_236' title='bbox 688 2854 1118 2930; x_wconf 85' lang='lat' dir='ltr'>non-album,</span> <span class='ocrx_word' id='word_1_237' title='bbox 1177 2859 1473 2942; x_wconf 90' lang='lat' dir='ltr'>quoniam</span> <span class='ocrx_word' id='word_1_238' title='bbox 1515 2858 1851 2921; x_wconf 88' lang='lat' dir='ltr'>inhaerent</span> <span class='ocrx_word' id='word_1_239' title='bbox 1894 2854 2310 2933; x_wconf 88' lang='lat' dir='ltr'>substantiae,</span> <span class='ocrx_word' id='word_1_240' title='bbox 2356 2875 2497 2918; x_wconf 88' lang='lat' dir='ltr'>esse</span> <span class='ocrx_word' id='word_1_241' title='bbox 2541 2853 2756 2917; x_wconf 86' lang='lat' dir='ltr'>dican-</span> 
     </span>
     <span class='ocr_line' id='line_1_27' title="bbox 549 2957 2757 3047; baseline 0 -26"><span class='ocrx_word' id='word_1_242' title='bbox 549 2968 670 3021; x_wconf 87' lang='lat' dir='ltr'>tur.</span> <span class='ocrx_word' id='word_1_243' title='bbox 760 2958 1120 3034; x_wconf 74' lang='lat' dir='ltr'>Praeterea,</span> <span class='ocrx_word' id='word_1_244' title='bbox 1144 2958 1554 3024; x_wconf 81' lang='lat' dir='ltr'>substantiam</span> <span class='ocrx_word' id='word_1_245' title='bbox 1597 2964 1944 3047; x_wconf 89' lang='lat' dir='ltr'>principem</span> <span class='ocrx_word' id='word_1_246' title='bbox 1996 2970 2215 3023; x_wconf 87' lang='lat' dir='ltr'>tenere</span> <span class='ocrx_word' id='word_1_247' title='bbox 2272 2957 2484 3022; x_wconf 90' lang='lat' dir='ltr'>locum</span> <span class='ocrx_word' id='word_1_248' title='bbox 2531 2969 2595 3022; x_wconf 93' lang='lat' dir='ltr'>et</span> <span class='ocrx_word' id='word_1_249' title='bbox 2635 2978 2757 3043; x_wconf 88' lang='lat' dir='ltr'>po-</span> 
     </span>
     <span class='ocr_line' id='line_1_28' title="bbox 551 3060 2754 3149; baseline -0.001 -23"><span class='ocrx_word' id='word_1_250' title='bbox 551 3060 1325 3149; x_wconf 81' lang='lat' dir='ltr'>tissimumindagandam</span> <span class='ocrx_word' id='word_1_251' title='bbox 1372 3085 1544 3143; x_wconf 88' lang='lat' dir='ltr'>esse,</span> <span class='ocrx_word' id='word_1_252' title='bbox 1597 3076 1845 3128; x_wconf 88' lang='lat' dir='ltr'>veteres</span> <span class='ocrx_word' id='word_1_253' title='bbox 1902 3067 2025 3128; x_wconf 91' lang='lat' dir='ltr'>iam</span> <span class='ocrx_word' id='word_1_254' title='bbox 2082 3062 2449 3148; x_wconf 87' lang='lat' dir='ltr'>philosophi</span> <span class='ocrx_word' id='word_1_255' title='bbox 2497 3065 2636 3148; x_wconf 88' lang='lat' dir='ltr'>ipsa</span> <span class='ocrx_word' id='word_1_256' title='bbox 2681 3083 2754 3125; x_wconf 90' lang='lat' dir='ltr'>re</span> 
     </span>
     <span class='ocr_line' id='line_1_29' title="bbox 552 3166 2783 3254; baseline 0 -24"><span class='ocrx_word' id='word_1_257' title='bbox 552 3176 881 3245; x_wconf 88' lang='lat' dir='ltr'>testantur,</span> <span class='ocrx_word' id='word_1_258' title='bbox 929 3177 1307 3252; x_wconf 90' lang='lat' dir='ltr'>quaerentes</span> <span class='ocrx_word' id='word_1_259' title='bbox 1355 3166 1436 3231; x_wconf 93' lang='lat' dir='ltr'>de</span> <span class='ocrx_word' id='word_1_260' title='bbox 1478 3168 1871 3232; x_wconf 88' lang='lat' dir='ltr'>substantiae</span> <span class='ocrx_word' id='word_1_261' title='bbox 1910 3170 2255 3254; x_wconf 77' lang='lat' dir='ltr'>principiiS,</span> <span class='ocrx_word' id='word_1_262' title='bbox 2292 3169 2445 3231; x_wconf 69' lang='lat'>«²25.</span> <span class='ocrx_word' id='word_1_263' title='bbox 2512 3168 2600 3230; x_wconf 93' lang='lat' dir='ltr'>Et</span> <span class='ocrx_word' id='word_1_264' title='bbox 2640 3166 2783 3230; x_wconf 76' lang='lat' dir='ltr'>ho-‘</span> 
     </span>
     <span class='ocr_line' id='line_1_30' title="bbox 553 3269 2753 3357; baseline -0.001 -22"><span class='ocrx_word' id='word_1_265' title='bbox 553 3269 760 3335; x_wconf 88' lang='lat' dir='ltr'>dierni</span> <span class='ocrx_word' id='word_1_266' title='bbox 805 3270 1056 3357; x_wconf 89' lang='lat' dir='ltr'>quidem</span> <span class='ocrx_word' id='word_1_267' title='bbox 1102 3269 1467 3357; x_wconf 85' lang='lat' dir='ltr'>philosophi</span> <span class='ocrx_word' id='word_1_268' title='bbox 1512 3274 1618 3348; x_wconf 80' lang='grc' dir='ltr'>(οἱ</span> <span class='ocrx_word' id='word_1_269' title='bbox 1662 3273 1781 3337; x_wconf 76' lang='grc' dir='ltr'>νῦν</span> <span class='ocrx_word' id='word_1_270' title='bbox 1820 3275 1983 3352; x_wconf 71' lang='lat'>⁶26,</span> <span class='ocrx_word' id='word_1_271' title='bbox 2029 3274 2070 3334; x_wconf 88' lang='lat' dir='ltr'>i.</span> <span class='ocrx_word' id='word_1_272' title='bbox 2104 3293 2157 3335; x_wconf 91' lang='lat' dir='ltr'>e.</span> <span class='ocrx_word' id='word_1_273' title='bbox 2206 3269 2544 3348; x_wconf 87' lang='lat' dir='ltr'>Platonici,</span> <span class='ocrx_word' id='word_1_274' title='bbox 2593 3290 2753 3356; x_wconf 89' lang='lat' dir='ltr'>quos</span> 
     </span>
     <span class='ocr_line' id='line_1_31' title="bbox 552 3372 2755 3464; baseline 0 -28"><span class='ocrx_word' id='word_1_275' title='bbox 552 3375 722 3437; x_wconf 90' lang='lat' dir='ltr'>enim</span> <span class='ocrx_word' id='word_1_276' title='bbox 771 3372 933 3439; x_wconf 87' lang='lat' dir='ltr'>alios</span> <span class='ocrx_word' id='word_1_277' title='bbox 970 3375 1149 3440; x_wconf 87' lang='lat' dir='ltr'>Alex.</span> <span class='ocrx_word' id='word_1_278' title='bbox 1194 3399 1254 3461; x_wconf 91' lang='lat' dir='ltr'>p.</span> <span class='ocrx_word' id='word_1_279' title='bbox 1286 3377 1433 3454; x_wconf 89' lang='grc'>643,</span> <span class='ocrx_word' id='word_1_280' title='bbox 1480 3378 1563 3441; x_wconf 88' lang='grc'>16</span> <span class='ocrx_word' id='word_1_281' title='bbox 1607 3375 1882 3464; x_wconf 85' lang='lat' dir='ltr'>intelligi</span> <span class='ocrx_word' id='word_1_282' title='bbox 1928 3375 2081 3440; x_wconf 88' lang='lat' dir='ltr'>velit</span> <span class='ocrx_word' id='word_1_283' title='bbox 2107 3397 2256 3440; x_wconf 74' lang='lat' dir='ltr'>&#39;non</span> <span class='ocrx_word' id='word_1_284' title='bbox 2302 3373 2554 3456; x_wconf 86' lang='lat' dir='ltr'>video),</span> <span class='ocrx_word' id='word_1_285' title='bbox 2599 3395 2755 3459; x_wconf 83' lang='lat' dir='ltr'>quo-</span> 
     </span>
     <span class='ocr_line' id='line_1_32' title="bbox 551 3478 2758 3568; baseline 0 -28"><span class='ocrx_word' id='word_1_286' title='bbox 551 3479 724 3540; x_wconf 88' lang='lat' dir='ltr'>niam</span> <span class='ocrx_word' id='word_1_287' title='bbox 786 3480 854 3541; x_wconf 92' lang='lat' dir='ltr'>in</span> <span class='ocrx_word' id='word_1_288' title='bbox 912 3479 1288 3544; x_wconf 90' lang='lat' dir='ltr'>notionibus</span> <span class='ocrx_word' id='word_1_289' title='bbox 1350 3478 1815 3568; x_wconf 89' lang='lat' dir='ltr'>cognoscendis</span> <span class='ocrx_word' id='word_1_290' title='bbox 1878 3501 2127 3545; x_wconf 89' lang='lat' dir='ltr'>omnem</span> <span class='ocrx_word' id='word_1_291' title='bbox 2189 3500 2447 3565; x_wconf 84' lang='lat' dir='ltr'>operam</span> <span class='ocrx_word' id='word_1_292' title='bbox 2505 3486 2758 3562; x_wconf 89' lang='lat' dir='ltr'>ponunt</span> 
     </span>
     <span class='ocr_line' id='line_1_33' title="bbox 551 3576 2758 3669; baseline 0 -25"><span class='ocrx_word' id='word_1_293' title='bbox 551 3581 886 3663; x_wconf 78' lang='grc' dir='ltr'><strong><em>(λογικῶς,</em></strong></span> <span class='ocrx_word' id='word_1_294' title='bbox 931 3582 1011 3646; x_wconf 83' lang='lat' dir='ltr'>cf.</span> <span class='ocrx_word' id='word_1_295' title='bbox 1059 3582 1140 3647; x_wconf 92' lang='lat' dir='ltr'>ad</span> <span class='ocrx_word' id='word_1_296' title='bbox 1185 3583 1253 3648; x_wconf 92' lang='grc' dir='ltr'><strong><em>Γ</em></strong></span> <span class='ocrx_word' id='word_1_297' title='bbox 1288 3585 1350 3647; x_wconf 88' lang='grc'>3.</span> <span class='ocrx_word' id='word_1_298' title='bbox 1401 3583 1604 3648; x_wconf 77' lang='grc' dir='ltr'>1005ὀ</span> <span class='ocrx_word' id='word_1_299' title='bbox 1639 3585 1745 3648; x_wconf 90' lang='grc'>22.</span> <span class='ocrx_word' id='word_1_300' title='bbox 1806 3587 1877 3648; x_wconf 88' lang='grc' dir='ltr'><em>Α</em></span> <span class='ocrx_word' id='word_1_301' title='bbox 1919 3587 1979 3649; x_wconf 89' lang='grc'>6.</span> <span class='ocrx_word' id='word_1_302' title='bbox 2031 3583 2190 3649; x_wconf 79' lang='grc' dir='ltr'>98Ίό</span> <span class='ocrx_word' id='word_1_303' title='bbox 2228 3586 2299 3647; x_wconf 87' lang='lat'>3:</span> <span class='ocrx_word' id='word_1_304' title='bbox 2350 3576 2758 3669; x_wconf 76' lang='grc' dir='ltr'><strong><em>Σωκράτους</em></strong></span> 
     </span>
     <span class='ocr_line' id='line_1_34' title="bbox 551 3680 2757 3774; baseline 0 -26"><span class='ocrx_word' id='word_1_305' title='bbox 551 3686 698 3769; x_wconf 81' lang='grc' dir='ltr'><strong><em>περὶ</em></strong></span> <span class='ocrx_word' id='word_1_306' title='bbox 737 3680 1028 3773; x_wconf 81' lang='grc' dir='ltr'><strong><em>ὁρισμῶν</em></strong></span> <span class='ocrx_word' id='word_1_307' title='bbox 1063 3681 1537 3767; x_wconf 78' lang='grc' dir='ltr'><strong><em>ἐπιστήσαντος</em></strong></span> <span class='ocrx_word' id='word_1_308' title='bbox 1574 3684 1834 3774; x_wconf 78' lang='grc' dir='ltr'><strong><em>πρώτου</em></strong></span> <span class='ocrx_word' id='word_1_309' title='bbox 1861 3682 1982 3768; x_wconf 82' lang='grc' dir='ltr'>τὴν</span> <span class='ocrx_word' id='word_1_310' title='bbox 2012 3682 2335 3753; x_wconf 77' lang='grc' dir='ltr'><strong><em>διάνοιαν.</em></strong></span> <span class='ocrx_word' id='word_1_311' title='bbox 2387 3685 2446 3750; x_wconf 81' lang='grc' dir='ltr'>Θ</span> <span class='ocrx_word' id='word_1_312' title='bbox 2467 3687 2530 3750; x_wconf 86' lang='lat'>8.</span> <span class='ocrx_word' id='word_1_313' title='bbox 2556 3687 2757 3751; x_wconf 77' lang='grc' dir='ltr'>105οῦ</span> 
     </span>
     <span class='ocr_line' id='line_1_35' title="bbox 552 3787 2758 3876; baseline 0 -23"><span class='ocrx_word' id='word_1_314' title='bbox 552 3790 670 3853; x_wconf 82' lang='lat'>33:</span> <span class='ocrx_word' id='word_1_315' title='bbox 717 3793 782 3853; x_wconf 81' lang='grc' dir='ltr'>οἱ</span> <span class='ocrx_word' id='word_1_316' title='bbox 826 3795 897 3856; x_wconf 77' lang='grc' dir='ltr'>ὲν</span> <span class='ocrx_word' id='word_1_317' title='bbox 940 3801 1080 3868; x_wconf 88' lang='grc' dir='ltr'><strong><em>τοῖς</em></strong></span> <span class='ocrx_word' id='word_1_318' title='bbox 1115 3787 1356 3876; x_wconf 77' lang='grc' dir='ltr'><strong><em>λόγοις,</em></strong></span> <span class='ocrx_word' id='word_1_319' title='bbox 1400 3794 1438 3854; x_wconf 93' lang='lat' dir='ltr'>i.</span> <span class='ocrx_word' id='word_1_320' title='bbox 1465 3811 1519 3855; x_wconf 92' lang='lat' dir='ltr'>e.</span> <span class='ocrx_word' id='word_1_321' title='bbox 1552 3791 1880 3870; x_wconf 89' lang='lat' dir='ltr'>Platonici,</span> <span class='ocrx_word' id='word_1_322' title='bbox 1919 3791 1999 3855; x_wconf 82' lang='lat' dir='ltr'>cf.</span> <span class='ocrx_word' id='word_1_323' title='bbox 2037 3791 2119 3855; x_wconf 92' lang='lat' dir='ltr'>ad</span> <span class='ocrx_word' id='word_1_324' title='bbox 2152 3792 2213 3855; x_wconf 90' lang='lat' dir='ltr'>h.</span> <span class='ocrx_word' id='word_1_325' title='bbox 2238 3790 2340 3870; x_wconf 89' lang='lat' dir='ltr'>l.),</span> <span class='ocrx_word' id='word_1_326' title='bbox 2382 3790 2758 3854; x_wconf 85' lang='lat' dir='ltr'>notionibus</span> 
     </span>
     <span class='ocr_line' id='line_1_36' title="bbox 555 3893 2759 3982; baseline 0 -25"><span class='ocrx_word' id='word_1_327' title='bbox 555 3894 1014 3960; x_wconf 85' lang='lat' dir='ltr'>universalibus</span> <span class='ocrx_word' id='word_1_328' title='bbox 1061 3893 1457 3960; x_wconf 88' lang='lat' dir='ltr'>tribuendam</span> <span class='ocrx_word' id='word_1_329' title='bbox 1504 3906 1731 3982; x_wconf 89' lang='lat' dir='ltr'>putant</span> <span class='ocrx_word' id='word_1_330' title='bbox 1773 3895 2160 3960; x_wconf 87' lang='lat' dir='ltr'>substantiae</span> <span class='ocrx_word' id='word_1_331' title='bbox 2208 3894 2609 3982; x_wconf 86' lang='lat' dir='ltr'>dignitatem;</span> <span class='ocrx_word' id='word_1_332' title='bbox 2653 3914 2759 3958; x_wconf 85' lang='lat' dir='ltr'>ve-</span> 
     </span>
     <span class='ocr_line' id='line_1_37' title="bbox 552 3986 2759 4086; baseline 0 -25"><span class='ocrx_word' id='word_1_333' title='bbox 552 4006 724 4061; x_wconf 87' lang='lat' dir='ltr'>teres</span> <span class='ocrx_word' id='word_1_334' title='bbox 772 4008 980 4063; x_wconf 86' lang='lat' dir='ltr'>autem</span> <span class='ocrx_word' id='word_1_335' title='bbox 1023 3997 1394 4086; x_wconf 91' lang='lat' dir='ltr'>philosophi</span> <span class='ocrx_word' id='word_1_336' title='bbox 1446 4021 1582 4064; x_wconf 92' lang='lat' dir='ltr'>non</span> <span class='ocrx_word' id='word_1_337' title='bbox 1626 3986 2043 4064; x_wconf 81' lang='lat' dir='ltr'>universalem</span> <span class='ocrx_word' id='word_1_338' title='bbox 2093 4002 2381 4084; x_wconf 89' lang='lat' dir='ltr'>corporis</span> <span class='ocrx_word' id='word_1_339' title='bbox 2427 4000 2759 4062; x_wconf 88' lang='lat' dir='ltr'>notionem</span> 
     </span>
     <span class='ocr_line' id='line_1_38' title="bbox 557 4093 2757 4188; baseline 0.001 -24"><span class='ocrx_word' id='word_1_340' title='bbox 557 4093 671 4181; x_wconf 81' lang='grc' dir='ltr'>(τὸ</span> <span class='ocrx_word' id='word_1_341' title='bbox 701 4094 925 4165; x_wconf 82' lang='grc' dir='ltr'><strong><em>κοινὸν</em></strong></span> <span class='ocrx_word' id='word_1_342' title='bbox 952 4101 1143 4183; x_wconf 79' lang='grc' dir='ltr'><strong><em>σῶμα</em></strong></span> <span class='ocrx_word' id='word_1_343' title='bbox 1167 4104 1320 4179; x_wconf 73' lang='lat'>«130,</span> <span class='ocrx_word' id='word_1_344' title='bbox 1363 4099 1586 4168; x_wconf 81' lang='grc' dir='ltr'><strong><em>κοινόν</em></strong></span> <span class='ocrx_word' id='word_1_345' title='bbox 1612 4106 1656 4167; x_wconf 88' lang='lat' dir='ltr'>i.</span> <span class='ocrx_word' id='word_1_346' title='bbox 1674 4125 1731 4188; x_wconf 91' lang='lat' dir='ltr'>q.</span> <span class='ocrx_word' id='word_1_347' title='bbox 1763 4098 2087 4179; x_wconf 77' lang='grc' dir='ltr'><strong><em>καθόλου,</em></strong></span> <span class='ocrx_word' id='word_1_348' title='bbox 2111 4103 2190 4167; x_wconf 80' lang='lat' dir='ltr'>cf.</span> <span class='ocrx_word' id='word_1_349' title='bbox 2216 4104 2278 4166; x_wconf 93' lang='lat' dir='ltr'><strong><em>Z</em></strong></span> <span class='ocrx_word' id='word_1_350' title='bbox 2298 4104 2401 4167; x_wconf 88' lang='lat'>13.</span> <span class='ocrx_word' id='word_1_351' title='bbox 2428 4103 2631 4168; x_wconf 76' lang='lat'><strong>103811</strong></span> <span class='ocrx_word' id='word_1_352' title='bbox 2654 4104 2757 4167; x_wconf 92' lang='lat'>11.</span> 
     </span>
     <span class='ocr_line' id='line_1_39' title="bbox 559 4204 2763 4294; baseline 0.001 -25"><span class='ocrx_word' id='word_1_353' title='bbox 559 4206 662 4269; x_wconf 91' lang='grc'>16.</span> <span class='ocrx_word' id='word_1_354' title='bbox 696 4204 905 4269; x_wconf 71' lang='lat' dir='ltr'>lomb</span> <span class='ocrx_word' id='word_1_355' title='bbox 927 4204 1017 4269; x_wconf 85' lang='grc'><strong>23</strong></span> <span class='ocrx_word' id='word_1_356' title='bbox 1047 4225 1180 4290; x_wconf 86' lang='lat' dir='ltr'>sqq.</span> <span class='ocrx_word' id='word_1_357' title='bbox 1235 4206 1279 4269; x_wconf 88' lang='lat'><em>1</em></span> <span class='ocrx_word' id='word_1_358' title='bbox 1304 4207 1364 4270; x_wconf 88' lang='grc'>2.</span> <span class='ocrx_word' id='word_1_359' title='bbox 1400 4208 1603 4272; x_wconf 72' lang='lat'><strong>105312</strong></span> <span class='ocrx_word' id='word_1_360' title='bbox 1631 4208 1731 4271; x_wconf 83' lang='lat'>19.</span> <span class='ocrx_word' id='word_1_361' title='bbox 1764 4204 1844 4269; x_wconf 89' lang='lat' dir='ltr'>al.</span> <span class='ocrx_word' id='word_1_362' title='bbox 1859 4212 1903 4287; x_wconf 89' lang='lat'>),</span> <span class='ocrx_word' id='word_1_363' title='bbox 1947 4205 2065 4271; x_wconf 89' lang='lat' dir='ltr'>sed</span> <span class='ocrx_word' id='word_1_364' title='bbox 2102 4205 2346 4294; x_wconf 81' lang='lat' dir='ltr'>singula</span> <span class='ocrx_word' id='word_1_365' title='bbox 2386 4229 2658 4294; x_wconf 90' lang='lat' dir='ltr'>corpora</span> <span class='ocrx_word' id='word_1_366' title='bbox 2698 4216 2763 4273; x_wconf 88' lang='lat' dir='ltr'>et</span> 
     </span>
     <span class='ocr_line' id='line_1_40' title="bbox 560 4306 2497 4396; baseline 0.002 -23"><span class='ocrx_word' id='word_1_367' title='bbox 560 4330 634 4374; x_wconf 89' lang='lat' dir='ltr'>ea</span> <span class='ocrx_word' id='word_1_368' title='bbox 680 4306 933 4395; x_wconf 87' lang='lat' dir='ltr'>quidem</span> <span class='ocrx_word' id='word_1_369' title='bbox 976 4306 1430 4396; x_wconf 85' lang='lat' dir='ltr'>simplicissima</span> <span class='ocrx_word' id='word_1_370' title='bbox 1475 4309 1861 4387; x_wconf 77' lang='lat' dir='ltr'>substantias</span> <span class='ocrx_word' id='word_1_371' title='bbox 1907 4332 2048 4377; x_wconf 81' lang='lat' dir='ltr'>esse</span> <span class='ocrx_word' id='word_1_372' title='bbox 2094 4321 2497 4378; x_wconf 85' lang='lat' dir='ltr'>censuerunt.</span> 
     </span>
    </p>
   </div>
  </div>
 </body>
</html>
