<?xml version="1.0" encoding="UTF-8"?>
<!DOCTYPE html PUBLIC "-//W3C//DTD XHTML 1.0 Transitional//EN"
    "http://www.w3.org/TR/xhtml1/DTD/xhtml1-transitional.dtd">
<html xmlns="http://www.w3.org/1999/xhtml" xml:lang="en" lang="en">
 <head>
  <title>
</title>
<meta http-equiv="Content-Type" content="text/html;charset=utf-8" />
  <meta name='ocr-system' content='tesseract 3.04.00' />
  <meta name='ocr-capabilities' content='ocr_page ocr_carea ocr_par ocr_line ocrx_word'/>
</head>
<body>
  <div class='ocr_page' id='page_1' title='image "aristotelismeta02bonigoog_0341.png"; bbox 0 0 3043 4973; ppageno 0'>
   <div class='ocr_carea' id='block_1_1' title="bbox 1167 218 2535 295">
    <p class='ocr_par' dir='ltr' id='par_1_1' title="bbox 1167 218 2535 295">
     <span class='ocr_line' id='line_1_1' title="bbox 1167 218 2535 295; baseline 0.003 -4"><span class='ocrx_word' id='word_1_1' title='bbox 1167 224 1243 291; x_wconf 92' lang='lat' dir='ltr'><em>Z</em></span> <span class='ocrx_word' id='word_1_2' title='bbox 1283 219 1352 292; x_wconf 88' lang='grc'><strong>9.</strong></span> <span class='ocrx_word' id='word_1_3' title='bbox 1437 218 1624 295; x_wconf 86' lang='grc'><strong>1034</strong></span> <span class='ocrx_word' id='word_1_4' title='bbox 1638 243 1705 293; x_wconf 85' lang='lat' dir='ltr'><strong>a.</strong></span> <span class='ocrx_word' id='word_1_5' title='bbox 2389 219 2535 295; x_wconf 80' lang='lat'><strong>329</strong></span> 
     </span>
    </p>
   </div>
   <div class='ocr_carea' id='block_1_2' title="bbox 233 389 2550 4435">
    <p class='ocr_par' dir='ltr' id='par_1_2' title="bbox 233 389 2550 4435">
     <span class='ocr_line' id='line_1_2' title="bbox 327 389 2536 485; baseline 0.002 -27"><span class='ocrx_word' id='word_1_6' title='bbox 327 393 723 480; x_wconf 75' lang='lat' dir='ltr'><strong>expertibuS‚</strong></span> <span class='ocrx_word' id='word_1_7' title='bbox 783 389 825 474; x_wconf 81' lang='grc' dir='ltr'><em>ἢ</em></span> <span class='ocrx_word' id='word_1_8' title='bbox 868 399 941 459; x_wconf 74' lang='grc' dir='ltr'><strong>ἐκ</strong></span> <span class='ocrx_word' id='word_1_9' title='bbox 981 399 1220 482; x_wconf 83' lang='grc' dir='ltr'><strong><em>μέρους</em></strong></span> <span class='ocrx_word' id='word_1_10' title='bbox 1264 397 1418 460; x_wconf 72' lang='lat'><strong>021.</strong></span> <span class='ocrx_word' id='word_1_11' title='bbox 1510 397 1700 483; x_wconf 83' lang='lat' dir='ltr'><strong>Quae</strong></span> <span class='ocrx_word' id='word_1_12' title='bbox 1746 418 1821 462; x_wconf 85' lang='lat' dir='ltr'><strong>ex</strong></span> <span class='ocrx_word' id='word_1_13' title='bbox 1864 418 1979 462; x_wconf 87' lang='lat' dir='ltr'><strong>sua</strong></span> <span class='ocrx_word' id='word_1_14' title='bbox 2025 401 2308 485; x_wconf 86' lang='lat' dir='ltr'><strong>ipsorum</strong></span> <span class='ocrx_word' id='word_1_15' title='bbox 2353 408 2536 484; x_wconf 87' lang='lat' dir='ltr'><strong>parte</strong></span> 
     </span>
     <span class='ocr_line' id='line_1_3' title="bbox 325 497 2538 586; baseline 0.003 -25"><span class='ocrx_word' id='word_1_16' title='bbox 325 497 535 584; x_wconf 89' lang='lat' dir='ltr'><strong>aliqua</strong></span> <span class='ocrx_word' id='word_1_17' title='bbox 580 510 947 578; x_wconf 85' lang='lat' dir='ltr'><strong>moventur,</strong></span> <span class='ocrx_word' id='word_1_18' title='bbox 998 520 1073 564; x_wconf 88' lang='lat' dir='ltr'><strong>ea</strong></span> <span class='ocrx_word' id='word_1_19' title='bbox 1120 500 1592 586; x_wconf 86' lang='lat' dir='ltr'><strong>quodammodo</strong></span> <span class='ocrx_word' id='word_1_20' title='bbox 1642 524 1716 566; x_wconf 84' lang='lat' dir='ltr'><strong>ex</strong></span> <span class='ocrx_word' id='word_1_21' title='bbox 1761 522 1830 566; x_wconf 89' lang='lat' dir='ltr'><strong>se</strong></span> <span class='ocrx_word' id='word_1_22' title='bbox 1875 503 2029 586; x_wconf 84' lang='lat' dir='ltr'><strong>ipsis</strong></span> <span class='ocrx_word' id='word_1_23' title='bbox 2074 506 2318 567; x_wconf 81' lang='lat' dir='ltr'><strong>moveri</strong></span> <span class='ocrx_word' id='word_1_24' title='bbox 2362 502 2538 567; x_wconf 85' lang='lat' dir='ltr'><strong>vide-</strong></span> 
     </span>
     <span class='ocr_line' id='line_1_4' title="bbox 322 593 2536 689; baseline 0.001 -22"><span class='ocrx_word' id='word_1_25' title='bbox 322 602 589 680; x_wconf 89' lang='lat' dir='ltr'><strong>buntur,</strong></span> <span class='ocrx_word' id='word_1_26' title='bbox 649 613 718 668; x_wconf 90' lang='lat' dir='ltr'><strong>ut</strong></span> <span class='ocrx_word' id='word_1_27' title='bbox 771 593 1111 669; x_wconf 70' lang='grc' dir='ltr'><strong><em>κινεῖσθαι</em></strong></span> <span class='ocrx_word' id='word_1_28' title='bbox 1162 605 1540 689; x_wconf 78' lang='grc' dir='ltr'><em>δυναμένων</em></span> <span class='ocrx_word' id='word_1_29' title='bbox 1584 602 1853 670; x_wconf 82' lang='grc' dir='ltr'><strong><em>αὐτῶν</em></strong></span> <span class='ocrx_word' id='word_1_30' title='bbox 1901 642 1978 656; x_wconf 92' lang='lat'><strong>—-</strong></span> <span class='ocrx_word' id='word_1_31' title='bbox 2026 596 2072 684; x_wconf 81' lang='grc' dir='ltr'><em>ἢ</em></span> <span class='ocrx_word' id='word_1_32' title='bbox 2116 609 2197 669; x_wconf 82' lang='grc' dir='ltr'><strong>ὲκ</strong></span> <span class='ocrx_word' id='word_1_33' title='bbox 2236 607 2536 689; x_wconf 79' lang='grc' dir='ltr'><em>μέρους</em></span> 
     </span>
     <span class='ocr_line' id='line_1_5' title="bbox 324 705 2536 795; baseline 0 -25"><span class='ocrx_word' id='word_1_34' title='bbox 324 727 460 771; x_wconf 88' lang='lat' dir='ltr'><strong>non</strong></span> <span class='ocrx_word' id='word_1_35' title='bbox 504 705 766 772; x_wconf 86' lang='lat' dir='ltr'><strong>multum</strong></span> <span class='ocrx_word' id='word_1_36' title='bbox 813 706 1095 784; x_wconf 83' lang='lat' dir='ltr'><strong>differat3</strong></span> <span class='ocrx_word' id='word_1_37' title='bbox 1141 730 1338 795; x_wconf 83' lang='lat' dir='ltr'><strong>quare</strong></span> <span class='ocrx_word' id='word_1_38' title='bbox 1383 708 1554 775; x_wconf 88' lang='lat' dir='ltr'><strong>haud</strong></span> <span class='ocrx_word' id='word_1_39' title='bbox 1601 712 1735 774; x_wconf 89' lang='lat' dir='ltr'><strong>scio</strong></span> <span class='ocrx_word' id='word_1_40' title='bbox 1784 730 1865 773; x_wconf 87' lang='lat' dir='ltr'><strong>an</strong></span> <span class='ocrx_word' id='word_1_41' title='bbox 1908 711 2105 794; x_wconf 84' lang='grc' dir='ltr'><strong><em>μέρος</em></strong></span> <span class='ocrx_word' id='word_1_42' title='bbox 2148 709 2209 772; x_wconf 92' lang='lat' dir='ltr'><strong>b.</strong></span> <span class='ocrx_word' id='word_1_43' title='bbox 2258 707 2298 772; x_wconf 94' lang='lat' dir='ltr'><strong>l.</strong></span> <span class='ocrx_word' id='word_1_44' title='bbox 2350 729 2426 771; x_wconf 91' lang='lat' dir='ltr'><strong>ea</strong></span> <span class='ocrx_word' id='word_1_45' title='bbox 2470 709 2536 772; x_wconf 87' lang='lat' dir='ltr'><strong>vi</strong></span> 
     </span>
     <span class='ocr_line' id='line_1_6' title="bbox 329 811 2538 898; baseline -0.001 -19"><span class='ocrx_word' id='word_1_46' title='bbox 329 811 435 880; x_wconf 76' lang='lat' dir='ltr'><strong>Ar.</strong></span> <span class='ocrx_word' id='word_1_47' title='bbox 482 815 909 897; x_wconf 84' lang='lat' dir='ltr'><strong>usurpaverit,</strong></span> <span class='ocrx_word' id='word_1_48' title='bbox 968 835 1089 898; x_wconf 90' lang='lat' dir='ltr'><strong>qua</strong></span> <span class='ocrx_word' id='word_1_49' title='bbox 1145 834 1336 898; x_wconf 86' lang='lat' dir='ltr'><strong>supra</strong></span> <span class='ocrx_word' id='word_1_50' title='bbox 1395 833 1643 876; x_wconf 89' lang='lat' dir='ltr'><strong>causam</strong></span> <span class='ocrx_word' id='word_1_51' title='bbox 1703 812 2184 877; x_wconf 80' lang='lat' dir='ltr'>antecedentem</span> <span class='ocrx_word' id='word_1_52' title='bbox 2245 815 2337 876; x_wconf 92' lang='lat' dir='ltr'><strong>rei</strong></span> <span class='ocrx_word' id='word_1_53' title='bbox 2383 812 2538 876; x_wconf 85' lang='lat' dir='ltr'><strong>effe-</strong></span> 
     </span>
     <span class='ocr_line' id='line_1_7' title="bbox 327 914 2534 1001; baseline 0 -22"><span class='ocrx_word' id='word_1_54' title='bbox 327 924 467 979; x_wconf 82' lang='lat' dir='ltr'><strong>ctae</strong></span> <span class='ocrx_word' id='word_1_55' title='bbox 511 926 752 1000; x_wconf 88' lang='lat' dir='ltr'><strong>partem</strong></span> <span class='ocrx_word' id='word_1_56' title='bbox 801 915 955 979; x_wconf 80' lang='lat' dir='ltr'><strong>dixit</strong></span> <span class='ocrx_word' id='word_1_57' title='bbox 1008 937 1175 994; x_wconf 89' lang='lat' dir='ltr'><strong>esse,</strong></span> <span class='ocrx_word' id='word_1_58' title='bbox 1233 914 1432 981; x_wconf 86' lang='lat' dir='ltr'><strong>veluti</strong></span> <span class='ocrx_word' id='word_1_59' title='bbox 1481 915 1759 981; x_wconf 88' lang='lat' dir='ltr'><strong>calorem</strong></span> <span class='ocrx_word' id='word_1_60' title='bbox 1803 919 2086 981; x_wconf 87' lang='lat' dir='ltr'><strong>sanitatis</strong></span> <span class='ocrx_word' id='word_1_61' title='bbox 2131 924 2404 1001; x_wconf 89' lang='lat' dir='ltr'><strong>partem,</strong></span> <span class='ocrx_word' id='word_1_62' title='bbox 2457 915 2534 980; x_wconf 81' lang='lat' dir='ltr'><strong>cs.</strong></span> 
     </span>
     <span class='ocr_line' id='line_1_8' title="bbox 328 1015 2536 1105; baseline 0 -21"><span class='ocrx_word' id='word_1_63' title='bbox 328 1021 388 1085; x_wconf 90' lang='lat'><strong>7.</strong></span> <span class='ocrx_word' id='word_1_64' title='bbox 436 1021 639 1084; x_wconf 71' lang='lat'><strong>103212</strong></span> <span class='ocrx_word' id='word_1_65' title='bbox 676 1022 782 1084; x_wconf 83' lang='lat'><strong>26.</strong></span> <span class='ocrx_word' id='word_1_66' title='bbox 832 1057 913 1072; x_wconf 91' lang='lat'><strong>—-</strong></span> <span class='ocrx_word' id='word_1_67' title='bbox 957 1022 1089 1084; x_wconf 79' lang='lat' dir='ltr'><strong>all</strong></span> <span class='ocrx_word' id='word_1_68' title='bbox 1138 1023 1267 1086; x_wconf 80' lang='grc' dir='ltr'><strong>τῶν</strong></span> <span class='ocrx_word' id='word_1_69' title='bbox 1311 1021 1430 1103; x_wconf 79' lang='grc' dir='ltr'><strong>μὲν</strong></span> <span class='ocrx_word' id='word_1_70' title='bbox 1474 1018 1517 1100; x_wconf 83' lang='grc' dir='ltr'><em>ἡ</em></span> <span class='ocrx_word' id='word_1_71' title='bbox 1562 1015 1686 1099; x_wconf 80' lang='grc' dir='ltr'><strong>ὕλη</strong></span> <span class='ocrx_word' id='word_1_72' title='bbox 1733 1057 1814 1071; x_wconf 90' lang='lat'><strong>—-</strong></span> <span class='ocrx_word' id='word_1_73' title='bbox 1863 1018 1907 1099; x_wconf 84' lang='grc' dir='ltr'>ὴ</span> <span class='ocrx_word' id='word_1_74' title='bbox 1949 1022 2071 1105; x_wconf 81' lang='grc' dir='ltr'><strong>μὲν</strong></span> <span class='ocrx_word' id='word_1_75' title='bbox 2113 1020 2249 1085; x_wconf 86' lang='grc' dir='ltr'><strong><em>κτλ.</em></strong></span> <span class='ocrx_word' id='word_1_76' title='bbox 2317 1020 2536 1084; x_wconf 89' lang='lat' dir='ltr'><strong>Enun-</strong></span> 
     </span>
     <span class='ocr_line' id='line_1_9' title="bbox 325 1123 2538 1210; baseline 0 -23"><span class='ocrx_word' id='word_1_77' title='bbox 325 1126 521 1187; x_wconf 86' lang='lat' dir='ltr'><strong>ciatio</strong></span> <span class='ocrx_word' id='word_1_78' title='bbox 566 1123 753 1188; x_wconf 87' lang='lat' dir='ltr'><strong>aliter</strong></span> <span class='ocrx_word' id='word_1_79' title='bbox 799 1133 898 1189; x_wconf 89' lang='lat' dir='ltr'><strong>est</strong></span> <span class='ocrx_word' id='word_1_80' title='bbox 942 1127 1210 1210; x_wconf 87' lang='lat' dir='ltr'><strong>incepta,</strong></span> <span class='ocrx_word' id='word_1_81' title='bbox 1255 1123 1439 1187; x_wconf 87' lang='lat' dir='ltr'><strong>aliter</strong></span> <span class='ocrx_word' id='word_1_82' title='bbox 1472 1128 1859 1190; x_wconf 88' lang='lat' dir='ltr'><strong>continuata.</strong></span> <span class='ocrx_word' id='word_1_83' title='bbox 1934 1124 2198 1210; x_wconf 88' lang='lat' dir='ltr'><strong>Incepta</strong></span> <span class='ocrx_word' id='word_1_84' title='bbox 2233 1126 2401 1188; x_wconf 91' lang='lat' dir='ltr'><strong>enim</strong></span> <span class='ocrx_word' id='word_1_85' title='bbox 2439 1132 2538 1188; x_wconf 86' lang='lat' dir='ltr'><strong>est</strong></span> 
     </span>
     <span class='ocr_line' id='line_1_10' title="bbox 326 1222 2537 1311; baseline -0 -19"><span class='ocrx_word' id='word_1_86' title='bbox 326 1250 403 1292; x_wconf 91' lang='lat' dir='ltr'><strong>ac</strong></span> <span class='ocrx_word' id='word_1_87' title='bbox 447 1230 501 1291; x_wconf 88' lang='lat' dir='ltr'><strong>si</strong></span> <span class='ocrx_word' id='word_1_88' title='bbox 547 1226 780 1293; x_wconf 89' lang='lat' dir='ltr'><strong>deinde</strong></span> <span class='ocrx_word' id='word_1_89' title='bbox 825 1228 1104 1293; x_wconf 86' lang='lat' dir='ltr'><strong>scribere</strong></span> <span class='ocrx_word' id='word_1_90' title='bbox 1151 1226 1371 1291; x_wconf 81' lang='lat' dir='ltr'><strong>vellet:</strong></span> <span class='ocrx_word' id='word_1_91' title='bbox 1429 1228 1562 1293; x_wconf 79' lang='grc' dir='ltr'><strong>τῶν</strong></span> <span class='ocrx_word' id='word_1_92' title='bbox 1612 1230 1733 1311; x_wconf 81' lang='grc' dir='ltr'><strong>μὲν</strong></span> <span class='ocrx_word' id='word_1_93' title='bbox 1788 1225 1829 1308; x_wconf 86' lang='grc' dir='ltr'><strong><em>ἡ</em></strong></span> <span class='ocrx_word' id='word_1_94' title='bbox 1873 1223 1996 1308; x_wconf 79' lang='grc' dir='ltr'><strong>ὕλη</strong></span> <span class='ocrx_word' id='word_1_95' title='bbox 2041 1222 2313 1308; x_wconf 80' lang='grc' dir='ltr'><em>τοιαύτη</em></span> <span class='ocrx_word' id='word_1_96' title='bbox 2358 1229 2537 1292; x_wconf 79' lang='grc' dir='ltr'><strong><em>ἐστὶν</em></strong></span> 
     </span>
     <span class='ocr_line' id='line_1_11' title="bbox 326 1323 2537 1410; baseline -0.002 -11"><span class='ocrx_word' id='word_1_97' title='bbox 326 1335 443 1399; x_wconf 79' lang='grc' dir='ltr'><strong>οἵα</strong></span> <span class='ocrx_word' id='word_1_98' title='bbox 487 1334 852 1410; x_wconf 72' lang='grc' dir='ltr'><strong><em>κινεῖσθαι,</em></strong></span> <span class='ocrx_word' id='word_1_99' title='bbox 908 1333 1039 1398; x_wconf 80' lang='grc' dir='ltr'><strong>τῶν</strong></span> <span class='ocrx_word' id='word_1_100' title='bbox 1085 1328 1143 1395; x_wconf 89' lang='grc' dir='ltr'><strong>δ’</strong></span> <span class='ocrx_word' id='word_1_101' title='bbox 1185 1323 1291 1410; x_wconf 82' lang='grc' dir='ltr'><strong>οὔ,</strong></span> <span class='ocrx_word' id='word_1_102' title='bbox 1348 1334 1714 1396; x_wconf 83' lang='lat' dir='ltr'><strong>continuata</strong></span> <span class='ocrx_word' id='word_1_103' title='bbox 1772 1352 1930 1397; x_wconf 83' lang='lat' dir='ltr'><strong>vero</strong></span> <span class='ocrx_word' id='word_1_104' title='bbox 1977 1335 2095 1410; x_wconf 90' lang='lat' dir='ltr'><strong>sic,</strong></span> <span class='ocrx_word' id='word_1_105' title='bbox 2155 1354 2230 1396; x_wconf 91' lang='lat' dir='ltr'><strong>ac</strong></span> <span class='ocrx_word' id='word_1_106' title='bbox 2273 1334 2328 1395; x_wconf 88' lang='lat' dir='ltr'><strong>si</strong></span> <span class='ocrx_word' id='word_1_107' title='bbox 2373 1330 2537 1396; x_wconf 88' lang='lat' dir='ltr'><strong>illud</strong></span> 
     </span>
     <span class='ocr_line' id='line_1_12' title="bbox 321 1433 2538 1521; baseline -0.001 -20"><span class='ocrx_word' id='word_1_108' title='bbox 321 1437 459 1503; x_wconf 78' lang='grc' dir='ltr'><strong>τῶν</strong></span> <span class='ocrx_word' id='word_1_109' title='bbox 502 1440 651 1521; x_wconf 80' lang='grc' dir='ltr'><strong>μέν</strong></span> <span class='ocrx_word' id='word_1_110' title='bbox 695 1439 960 1502; x_wconf 90' lang='lat' dir='ltr'><strong>omnino</strong></span> <span class='ocrx_word' id='word_1_111' title='bbox 1008 1434 1240 1500; x_wconf 89' lang='lat' dir='ltr'><strong>dictum</strong></span> <span class='ocrx_word' id='word_1_112' title='bbox 1288 1455 1422 1498; x_wconf 92' lang='lat' dir='ltr'><strong>non</strong></span> <span class='ocrx_word' id='word_1_113' title='bbox 1469 1444 1664 1499; x_wconf 86' lang='lat' dir='ltr'><strong>esset:</strong></span> <span class='ocrx_word' id='word_1_114' title='bbox 1711 1437 1843 1500; x_wconf 77' lang='grc' dir='ltr'><strong>τῶν</strong></span> <span class='ocrx_word' id='word_1_115' title='bbox 1885 1438 2287 1520; x_wconf 78' lang='grc' dir='ltr'><strong><em>γιγνομένων</em></strong></span> <span class='ocrx_word' id='word_1_116' title='bbox 2328 1433 2373 1515; x_wconf 84' lang='grc' dir='ltr'>ἡ</span> <span class='ocrx_word' id='word_1_117' title='bbox 2416 1437 2538 1519; x_wconf 75' lang='grc' dir='ltr'><strong>μὲν</strong></span> 
     </span>
     <span class='ocr_line' id='line_1_13' title="bbox 324 1535 2536 1622; baseline -0.001 -17"><span class='ocrx_word' id='word_1_118' title='bbox 324 1535 449 1619; x_wconf 83' lang='grc' dir='ltr'><strong>ὕλη</strong></span> <span class='ocrx_word' id='word_1_119' title='bbox 495 1535 766 1619; x_wconf 77' lang='grc' dir='ltr'><strong><em>τοιαύτη</em></strong></span> <span class='ocrx_word' id='word_1_120' title='bbox 811 1541 950 1605; x_wconf 79' lang='grc' dir='ltr'><strong><em>ἐστί</em></strong></span> <span class='ocrx_word' id='word_1_121' title='bbox 1000 1576 1076 1590; x_wconf 92' lang='grc'>-</span> <span class='ocrx_word' id='word_1_122' title='bbox 1125 1536 1167 1618; x_wconf 80' lang='grc' dir='ltr'><strong><em>ἡ</em></strong></span> <span class='ocrx_word' id='word_1_123' title='bbox 1216 1539 1284 1603; x_wconf 77' lang='grc' dir='ltr'><strong>δὲ</strong></span> <span class='ocrx_word' id='word_1_124' title='bbox 1313 1539 1462 1604; x_wconf 67' lang='grc' dir='ltr'><strong><em>κτλ.</em></strong></span> <span class='ocrx_word' id='word_1_125' title='bbox 1553 1537 1739 1622; x_wconf 83' lang='lat' dir='ltr'><strong>Quae</strong></span> <span class='ocrx_word' id='word_1_126' title='bbox 1796 1537 1876 1603; x_wconf 89' lang='lat' dir='ltr'><strong>ad</strong></span> <span class='ocrx_word' id='word_1_127' title='bbox 1930 1537 2366 1603; x_wconf 86' lang='lat' dir='ltr'><strong>definiendam</strong></span> <span class='ocrx_word' id='word_1_128' title='bbox 2409 1559 2536 1602; x_wconf 77' lang='lat' dir='ltr'><strong>ma-</strong></span> 
     </span>
     <span class='ocr_line' id='line_1_14' title="bbox 323 1637 2536 1730; baseline -0.001 -21"><span class='ocrx_word' id='word_1_129' title='bbox 323 1646 528 1709; x_wconf 90' lang='lat' dir='ltr'><strong>teriae</strong></span> <span class='ocrx_word' id='word_1_130' title='bbox 574 1654 860 1708; x_wconf 88' lang='lat' dir='ltr'><strong>naturam</strong></span> <span class='ocrx_word' id='word_1_131' title='bbox 907 1642 1152 1708; x_wconf 81' lang='lat' dir='ltr'><strong>addidit</strong></span> <span class='ocrx_word' id='word_1_132' title='bbox 1195 1641 1416 1706; x_wconf 85' lang='lat' dir='ltr'><strong>verba:</strong></span> <span class='ocrx_word' id='word_1_133' title='bbox 1462 1639 1505 1721; x_wconf 82' lang='grc' dir='ltr'>ἠ</span> <span class='ocrx_word' id='word_1_134' title='bbox 1552 1637 1847 1730; x_wconf 79' lang='grc' dir='ltr'><strong><em>ἄρχουσα</em></strong></span> <span class='ocrx_word' id='word_1_135' title='bbox 1895 1679 1974 1694; x_wconf 92' lang='lat'>—</span> <span class='ocrx_word' id='word_1_136' title='bbox 2008 1638 2414 1728; x_wconf 77' lang='grc' dir='ltr'><strong><em>πράγματος,</em></strong></span> <span class='ocrx_word' id='word_1_137' title='bbox 2459 1663 2536 1707; x_wconf 89' lang='lat' dir='ltr'><strong>ea</strong></span> 
     </span>
     <span class='ocr_line' id='line_1_15' title="bbox 325 1745 2287 1813; baseline -0.001 0"><span class='ocrx_word' id='word_1_138' title='bbox 325 1747 667 1813; x_wconf 81' lang='lat' dir='ltr'><strong>mutandae</strong></span> <span class='ocrx_word' id='word_1_139' title='bbox 714 1750 1176 1812; x_wconf 80' lang='lat' dir='ltr'><strong>constructioni</strong></span> <span class='ocrx_word' id='word_1_140' title='bbox 1221 1745 1518 1811; x_wconf 83' lang='lat' dir='ltr'><strong>videntur</strong></span> <span class='ocrx_word' id='word_1_141' title='bbox 1562 1751 1966 1812; x_wconf 72' lang='lat' dir='ltr'><strong>occasionem</strong></span> <span class='ocrx_word' id='word_1_142' title='bbox 2013 1746 2287 1812; x_wconf 77' lang='lat' dir='ltr'><strong>dedisse.</strong></span> 
     </span>
     <span class='ocr_line' id='line_1_16' title="bbox 463 1846 2537 1938; baseline 0 -22"><span class='ocrx_word' id='word_1_143' title='bbox 463 1853 674 1917; x_wconf 81' lang='lat' dir='ltr'><strong>1034a</strong></span> <span class='ocrx_word' id='word_1_144' title='bbox 715 1854 798 1915; x_wconf 81' lang='lat'><strong>21</strong></span> <span class='ocrx_word' id='word_1_145' title='bbox 846 1851 1101 1931; x_wconf 80' lang='grc' dir='ltr'><strong><em>δῆλον</em></strong></span> <span class='ocrx_word' id='word_1_146' title='bbox 1146 1889 1227 1903; x_wconf 89' lang='grc'>-</span> <span class='ocrx_word' id='word_1_147' title='bbox 1276 1853 1365 1915; x_wconf 86' lang='grc'><strong>30</strong></span> <span class='ocrx_word' id='word_1_148' title='bbox 1409 1846 1857 1938; x_wconf 74' lang='grc' dir='ltr'><strong><em>θερμότης.</em></strong></span> <span class='ocrx_word' id='word_1_149' title='bbox 1953 1850 2152 1936; x_wconf 80' lang='lat' dir='ltr'><strong>Quod</strong></span> <span class='ocrx_word' id='word_1_150' title='bbox 2213 1860 2399 1916; x_wconf 88' lang='lat' dir='ltr'><strong>antea</strong></span> <span class='ocrx_word' id='word_1_151' title='bbox 2457 1849 2537 1916; x_wconf 92' lang='lat' dir='ltr'><strong>de</strong></span> 
     </span>
     <span class='ocr_line' id='line_1_17' title="bbox 325 1949 2536 2046; baseline -0.001 -24"><span class='ocrx_word' id='word_1_152' title='bbox 325 1957 522 2022; x_wconf 89' lang='lat' dir='ltr'><strong>rebus</strong></span> <span class='ocrx_word' id='word_1_153' title='bbox 570 1954 965 2022; x_wconf 87' lang='lat' dir='ltr'><strong>naturalibus</strong></span> <span class='ocrx_word' id='word_1_154' title='bbox 1013 1955 1473 2022; x_wconf 84' lang='lat' dir='ltr'><strong>demonstravit</strong></span> <span class='ocrx_word' id='word_1_155' title='bbox 1517 1951 1774 2040; x_wconf 80' lang='grc' dir='ltr'><strong><em>(ὥσπερ</em></strong></span> <span class='ocrx_word' id='word_1_156' title='bbox 1820 1949 1903 2019; x_wconf 77' lang='grc' dir='ltr'><strong>τὰ</strong></span> <span class='ocrx_word' id='word_1_157' title='bbox 1948 1952 2145 2046; x_wconf 80' lang='grc' dir='ltr'><strong><em>φύσει</em></strong></span> <span class='ocrx_word' id='word_1_158' title='bbox 2182 1957 2347 2034; x_wconf 72' lang='lat'><strong><em>1123,</em></strong></span> <span class='ocrx_word' id='word_1_159' title='bbox 2391 1978 2536 2020; x_wconf 88' lang='lat' dir='ltr'><strong>nam</strong></span> 
     </span>
     <span class='ocr_line' id='line_1_18' title="bbox 327 2055 2541 2149; baseline -0 -24"><span class='ocrx_word' id='word_1_160' title='bbox 327 2072 489 2149; x_wconf 87' lang='lat' dir='ltr'><strong>part.</strong></span> <span class='ocrx_word' id='word_1_161' title='bbox 538 2055 752 2144; x_wconf 79' lang='grc' dir='ltr'><strong><em>ὥσπερ</em></strong></span> <span class='ocrx_word' id='word_1_162' title='bbox 800 2064 1341 2145; x_wconf 83' lang='lat' dir='ltr'><strong>comparationem</strong></span> <span class='ocrx_word' id='word_1_163' title='bbox 1386 2059 1603 2138; x_wconf 80' lang='lat' dir='ltr'><strong>affert,</strong></span> <span class='ocrx_word' id='word_1_164' title='bbox 1648 2080 1781 2124; x_wconf 89' lang='lat' dir='ltr'><strong>non</strong></span> <span class='ocrx_word' id='word_1_165' title='bbox 1827 2060 2194 2148; x_wconf 81' lang='lat' dir='ltr'><strong>exemplum,</strong></span> <span class='ocrx_word' id='word_1_166' title='bbox 2237 2060 2413 2147; x_wconf 92' lang='lat' dir='ltr'><strong>quod</strong></span> <span class='ocrx_word' id='word_1_167' title='bbox 2459 2063 2541 2124; x_wconf 86' lang='lat' dir='ltr'><strong>si-</strong></span> 
     </span>
     <span class='ocr_line' id='line_1_19' title="bbox 326 2163 2538 2252; baseline -0 -23"><span class='ocrx_word' id='word_1_168' title='bbox 326 2163 621 2252; x_wconf 80' lang='lat' dir='ltr'><strong>gnificari</strong></span> <span class='ocrx_word' id='word_1_169' title='bbox 654 2166 900 2250; x_wconf 85' lang='lat' dir='ltr'><strong>putavit</strong></span> <span class='ocrx_word' id='word_1_170' title='bbox 929 2164 1138 2229; x_wconf 82' lang='lat' dir='ltr'><strong>Scbw.</strong></span> <span class='ocrx_word' id='word_1_171' title='bbox 1178 2167 1245 2229; x_wconf 86' lang='lat' dir='ltr'><strong>in</strong></span> <span class='ocrx_word' id='word_1_172' title='bbox 1283 2168 1545 2249; x_wconf 79' lang='lat' dir='ltr'><strong>interpr.</strong></span> <span class='ocrx_word' id='word_1_173' title='bbox 1582 2163 1980 2246; x_wconf 87' lang='lat' dir='ltr'><strong>vernacula),</strong></span> <span class='ocrx_word' id='word_1_174' title='bbox 2024 2164 2372 2250; x_wconf 84' lang='lat' dir='ltr'><strong>quamlibet</strong></span> <span class='ocrx_word' id='word_1_175' title='bbox 2405 2185 2538 2229; x_wconf 88' lang='lat' dir='ltr'><strong>rem</strong></span> 
     </span>
     <span class='ocr_line' id='line_1_20' title="bbox 327 2266 2540 2356; baseline 0 -23"><span class='ocrx_word' id='word_1_176' title='bbox 327 2270 627 2356; x_wconf 81' lang='lat' dir='ltr'><strong>generari</strong></span> <span class='ocrx_word' id='word_1_177' title='bbox 672 2288 750 2332; x_wconf 82' lang='lat' dir='ltr'><strong>ex</strong></span> <span class='ocrx_word' id='word_1_178' title='bbox 794 2267 917 2332; x_wconf 91' lang='lat' dir='ltr'><strong>alia</strong></span> <span class='ocrx_word' id='word_1_179' title='bbox 961 2267 1243 2334; x_wconf 88' lang='lat' dir='ltr'><strong>eiusdem</strong></span> <span class='ocrx_word' id='word_1_180' title='bbox 1290 2272 1562 2356; x_wconf 82' lang='lat' dir='ltr'><strong>generis,</strong></span> <span class='ocrx_word' id='word_1_181' title='bbox 1609 2266 1686 2332; x_wconf 87' lang='lat' dir='ltr'><strong>cf.</strong></span> <span class='ocrx_word' id='word_1_182' title='bbox 1734 2270 1794 2332; x_wconf 82' lang='lat'><strong>8.</strong></span> <span class='ocrx_word' id='word_1_183' title='bbox 1844 2270 2047 2334; x_wconf 74' lang='lat' dir='ltr'><strong>1033h</strong></span> <span class='ocrx_word' id='word_1_184' title='bbox 2085 2273 2189 2348; x_wconf 79' lang='lat'><strong>29,</strong></span> <span class='ocrx_word' id='word_1_185' title='bbox 2241 2269 2408 2337; x_wconf 89' lang='lat' dir='ltr'><strong>idem</strong></span> <span class='ocrx_word' id='word_1_186' title='bbox 2456 2267 2540 2334; x_wconf 89' lang='lat' dir='ltr'><strong>ad</strong></span> 
     </span>
     <span class='ocr_line' id='line_1_21' title="bbox 328 2367 2540 2461; baseline 0 -24"><span class='ocrx_word' id='word_1_187' title='bbox 328 2371 572 2458; x_wconf 88' lang='lat' dir='ltr'><strong>reliqua</strong></span> <span class='ocrx_word' id='word_1_188' title='bbox 617 2375 1050 2459; x_wconf 79' lang='lat' dir='ltr'><strong>generationis</strong></span> <span class='ocrx_word' id='word_1_189' title='bbox 1095 2393 1353 2461; x_wconf 82' lang='lat' dir='ltr'><strong>genera,</strong></span> <span class='ocrx_word' id='word_1_190' title='bbox 1395 2367 1618 2436; x_wconf 72' lang='grc' dir='ltr'><strong><em>πάντα</em></strong></span> <span class='ocrx_word' id='word_1_191' title='bbox 1650 2373 1804 2449; x_wconf 73' lang='lat'><strong>022,</strong></span> <span class='ocrx_word' id='word_1_192' title='bbox 1849 2372 2271 2440; x_wconf 79' lang='lat' dir='ltr'><strong>artificiosum·</strong></span> <span class='ocrx_word' id='word_1_193' title='bbox 2305 2384 2370 2438; x_wconf 91' lang='lat' dir='ltr'><strong>et</strong></span> <span class='ocrx_word' id='word_1_194' title='bbox 2412 2373 2540 2438; x_wconf 87' lang='lat' dir='ltr'><strong>for-</strong></span> 
     </span>
     <span class='ocr_line' id='line_1_22' title="bbox 329 2474 2540 2563; baseline -0.002 -19"><span class='ocrx_word' id='word_1_195' title='bbox 329 2480 585 2553; x_wconf 85' lang='lat' dir='ltr'><strong>tuitum,</strong></span> <span class='ocrx_word' id='word_1_196' title='bbox 641 2476 898 2544; x_wconf 83' lang='lat' dir='ltr'><strong>extendi</strong></span> <span class='ocrx_word' id='word_1_197' title='bbox 954 2475 1426 2563; x_wconf 86' lang='lat' dir='ltr'><strong>quodammodo</strong></span> <span class='ocrx_word' id='word_1_198' title='bbox 1481 2474 1690 2540; x_wconf 89' lang='lat' dir='ltr'><strong>docet.</strong></span> <span class='ocrx_word' id='word_1_199' title='bbox 1783 2476 2033 2542; x_wconf 86' lang='lat' dir='ltr'><strong>Etenim</strong></span> <span class='ocrx_word' id='word_1_200' title='bbox 2079 2479 2148 2542; x_wconf 92' lang='lat' dir='ltr'><strong>in</strong></span> <span class='ocrx_word' id='word_1_201' title='bbox 2192 2478 2289 2541; x_wconf 89' lang='lat' dir='ltr'><strong>bis</strong></span> <span class='ocrx_word' id='word_1_202' title='bbox 2337 2479 2540 2556; x_wconf 84' lang='lat' dir='ltr'><strong>etiam,</strong></span> 
     </span>
     <span class='ocr_line' id='line_1_23' title="bbox 329 2578 2542 2667; baseline -0.001 -21"><span class='ocrx_word' id='word_1_203' title='bbox 329 2584 455 2646; x_wconf 87' lang='lat' dir='ltr'><strong>nisi</strong></span> <span class='ocrx_word' id='word_1_204' title='bbox 499 2581 647 2667; x_wconf 90' lang='lat' dir='ltr'><strong>quid</strong></span> <span class='ocrx_word' id='word_1_205' title='bbox 695 2603 815 2666; x_wconf 85' lang='lat' dir='ltr'><strong>per</strong></span> <span class='ocrx_word' id='word_1_206' title='bbox 857 2580 1150 2646; x_wconf 89' lang='lat' dir='ltr'><strong>accidens</strong></span> <span class='ocrx_word' id='word_1_207' title='bbox 1195 2581 1425 2645; x_wconf 79' lang='lat' dir='ltr'><strong>factum</strong></span> <span class='ocrx_word' id='word_1_208' title='bbox 1476 2588 1588 2657; x_wconf 90' lang='lat' dir='ltr'><strong>est,</strong></span> <span class='ocrx_word' id='word_1_209' title='bbox 1633 2578 1834 2643; x_wconf 89' lang='lat' dir='ltr'><strong>veluti</strong></span> <span class='ocrx_word' id='word_1_210' title='bbox 1881 2583 1932 2645; x_wconf 89' lang='lat' dir='ltr'><strong>si</strong></span> <span class='ocrx_word' id='word_1_211' title='bbox 1974 2580 2199 2646; x_wconf 90' lang='lat' dir='ltr'><strong>domus</strong></span> <span class='ocrx_word' id='word_1_212' title='bbox 2237 2582 2401 2644; x_wconf 85' lang='lat' dir='ltr'><strong>facta</strong></span> <span class='ocrx_word' id='word_1_213' title='bbox 2443 2590 2542 2644; x_wconf 84' lang='lat' dir='ltr'><strong>est</strong></span> 
     </span>
     <span class='ocr_line' id='line_1_24' title="bbox 330 2682 2542 2772; baseline -0.001 -22"><span class='ocrx_word' id='word_1_214' title='bbox 330 2689 521 2751; x_wconf 82' lang='lat' dir='ltr'><strong>noxia</strong></span> <span class='ocrx_word' id='word_1_215' title='bbox 570 2688 835 2772; x_wconf 87' lang='lat' dir='ltr'><strong>cuipiam</strong></span> <span class='ocrx_word' id='word_1_216' title='bbox 874 2684 979 2749; x_wconf 91' lang='lat' dir='ltr'><strong>vel</strong></span> <span class='ocrx_word' id='word_1_217' title='bbox 1016 2683 1306 2762; x_wconf 85' lang='lat' dir='ltr'><strong>salubris,</strong></span> <span class='ocrx_word' id='word_1_218' title='bbox 1347 2684 1498 2760; x_wconf 73' lang='lat'><strong>«125,</strong></span> <span class='ocrx_word' id='word_1_219' title='bbox 1546 2683 1625 2746; x_wconf 88' lang='lat' dir='ltr'><strong>cf.</strong></span> <span class='ocrx_word' id='word_1_220' title='bbox 1676 2685 1742 2747; x_wconf 90' lang='lat' dir='ltr'><em>E</em></span> <span class='ocrx_word' id='word_1_221' title='bbox 1774 2686 1838 2748; x_wconf 81' lang='lat'><strong>2.</strong></span> <span class='ocrx_word' id='word_1_222' title='bbox 1886 2686 2090 2749; x_wconf 59' lang='lat'>1026&amp;</span> <span class='ocrx_word' id='word_1_223' title='bbox 2124 2688 2184 2761; x_wconf 86' lang='lat'><strong>6,</strong></span> <span class='ocrx_word' id='word_1_224' title='bbox 2230 2682 2542 2770; x_wconf 85' lang='lat' dir='ltr'><strong>quidlibet</strong></span> 
     </span>
     <span class='ocr_line' id='line_1_25' title="bbox 330 2780 2541 2880; baseline -0.001 -25"><span class='ocrx_word' id='word_1_225' title='bbox 330 2793 741 2880; x_wconf 80' lang='lat' dir='ltr'><strong>progignitur</strong></span> <span class='ocrx_word' id='word_1_226' title='bbox 785 2811 859 2854; x_wconf 85' lang='lat' dir='ltr'><strong>ex</strong></span> <span class='ocrx_word' id='word_1_227' title='bbox 902 2811 974 2854; x_wconf 87' lang='lat' dir='ltr'><strong>re</strong></span> <span class='ocrx_word' id='word_1_228' title='bbox 1015 2789 1429 2877; x_wconf 77' lang='lat' dir='ltr'><strong>cognomine3</strong></span> <span class='ocrx_word' id='word_1_229' title='bbox 1472 2786 1551 2850; x_wconf 79' lang='lat' dir='ltr'><strong>fit</strong></span> <span class='ocrx_word' id='word_1_230' title='bbox 1595 2791 1760 2852; x_wconf 85' lang='lat' dir='ltr'><strong>enim</strong></span> <span class='ocrx_word' id='word_1_231' title='bbox 1804 2780 1851 2868; x_wconf 79' lang='grc' dir='ltr'>ἢ</span> <span class='ocrx_word' id='word_1_232' title='bbox 1892 2794 1961 2853; x_wconf 84' lang='grc' dir='ltr'><strong>ὲκ</strong></span> <span class='ocrx_word' id='word_1_233' title='bbox 2005 2793 2243 2875; x_wconf 80' lang='grc' dir='ltr'><strong><em>μέρους</em></strong></span> <span class='ocrx_word' id='word_1_234' title='bbox 2287 2781 2541 2871; x_wconf 81' lang='grc' dir='ltr'><strong><em>ὁμωνύ-</em></strong></span> 
     </span>
     <span class='ocr_line' id='line_1_26' title="bbox 233 2885 2543 2980; baseline -0.002 -19"><span class='ocrx_word' id='word_1_235' title='bbox 233 2899 240 2905; x_wconf 84' lang='grc'><strong><em>’</em></strong></span> <span class='ocrx_word' id='word_1_236' title='bbox 329 2919 463 2980; x_wconf 90' lang='grc' dir='ltr'><strong>μου</strong></span> <span class='ocrx_word' id='word_1_237' title='bbox 511 2932 624 2974; x_wconf 88' lang='grc'><strong>-,</strong></span> <span class='ocrx_word' id='word_1_238' title='bbox 668 2891 710 2973; x_wconf 86' lang='grc' dir='ltr'><em>ἡ</em></span> <span class='ocrx_word' id='word_1_239' title='bbox 757 2888 885 2979; x_wconf 75' lang='grc' dir='ltr'><strong>γὰρ</strong></span> <span class='ocrx_word' id='word_1_240' title='bbox 932 2897 1122 2977; x_wconf 81' lang='grc' dir='ltr'><strong><em>τέχνη</em></strong></span> <span class='ocrx_word' id='word_1_241' title='bbox 1165 2885 1243 2956; x_wconf 85' lang='grc' dir='ltr'><strong>τὸ</strong></span> <span class='ocrx_word' id='word_1_242' title='bbox 1291 2886 1462 2967; x_wconf 79' lang='grc' dir='ltr'><strong><em>εἶδος</em></strong></span> <span class='ocrx_word' id='word_1_243' title='bbox 1501 2895 1668 2971; x_wconf 71' lang='lat'><strong>«123,</strong></span> <span class='ocrx_word' id='word_1_244' title='bbox 1722 2892 1798 2957; x_wconf 85' lang='lat' dir='ltr'><strong>cf.</strong></span> <span class='ocrx_word' id='word_1_245' title='bbox 1847 2895 2160 2971; x_wconf 59' lang='lat' dir='ltr'><strong>7.‚1032b</strong></span> <span class='ocrx_word' id='word_1_246' title='bbox 2201 2893 2311 2956; x_wconf 77' lang='lat'><strong>12:</strong></span> <span class='ocrx_word' id='word_1_247' title='bbox 2368 2893 2543 2975; x_wconf 77' lang='grc' dir='ltr'><em>γίνε-</em></span> 
     </span>
     <span class='ocr_line' id='line_1_27' title="bbox 295 2991 2543 3080; baseline -0.002 -15"><span class='ocrx_word' id='word_1_248' title='bbox 295 3001 512 3065; x_wconf 78' lang='grc' dir='ltr'><strong><em>’σθαι</em></strong></span> <span class='ocrx_word' id='word_1_249' title='bbox 558 3036 638 3049; x_wconf 91' lang='grc'>-</span> <span class='ocrx_word' id='word_1_250' title='bbox 685 2994 807 3076; x_wconf 82' lang='grc' dir='ltr'><strong>τὴν</strong></span> <span class='ocrx_word' id='word_1_251' title='bbox 851 2998 1067 3063; x_wconf 79' lang='grc' dir='ltr'><strong><em>οὶκίαν</em></strong></span> <span class='ocrx_word' id='word_1_252' title='bbox 1112 2994 1181 3075; x_wconf 76' lang='grc' dir='ltr'><strong>ἐξ</strong></span> <span class='ocrx_word' id='word_1_253' title='bbox 1227 2999 1463 3074; x_wconf 78' lang='grc' dir='ltr'><strong><em>οἰκίας,</em></strong></span> <span class='ocrx_word' id='word_1_254' title='bbox 1519 2999 1641 3077; x_wconf 80' lang='grc' dir='ltr'><strong>τῆς</strong></span> <span class='ocrx_word' id='word_1_255' title='bbox 1685 2991 1841 3063; x_wconf 75' lang='grc' dir='ltr'><strong><em>ἄνευ</em></strong></span> <span class='ocrx_word' id='word_1_256' title='bbox 1882 2991 2041 3076; x_wconf 80' lang='grc' dir='ltr'><strong>ὕλης</strong></span> <span class='ocrx_word' id='word_1_257' title='bbox 2083 2991 2206 3077; x_wconf 86' lang='grc' dir='ltr'><strong>τὴν</strong></span> <span class='ocrx_word' id='word_1_258' title='bbox 2262 2997 2543 3080; x_wconf 70' lang='grc' dir='ltr'><strong><em>ἔχουσαν</em></strong></span> 
     </span>
     <span class='ocr_line' id='line_1_28' title="bbox 329 3099 2542 3182; baseline -0.004 -12"><span class='ocrx_word' id='word_1_259' title='bbox 329 3099 512 3182; x_wconf 78' lang='grc' dir='ltr'><strong><em>ὕλην.</em></strong></span> <span class='ocrx_word' id='word_1_260' title='bbox 605 3101 982 3166; x_wconf 83' lang='lat' dir='ltr'><strong>Aedificium</strong></span> <span class='ocrx_word' id='word_1_261' title='bbox 1045 3104 1210 3166; x_wconf 88' lang='lat' dir='ltr'><strong>enim</strong></span> <span class='ocrx_word' id='word_1_262' title='bbox 1269 3100 1594 3166; x_wconf 85' lang='lat' dir='ltr'><strong>materiale</strong></span> <span class='ocrx_word' id='word_1_263' title='bbox 1648 3100 1728 3164; x_wconf 85' lang='lat' dir='ltr'><strong>fit</strong></span> <span class='ocrx_word' id='word_1_264' title='bbox 1787 3122 1861 3165; x_wconf 87' lang='lat' dir='ltr'><strong>ex</strong></span> <span class='ocrx_word' id='word_1_265' title='bbox 1909 3100 2204 3166; x_wconf 84' lang='lat' dir='ltr'><strong>aedificio</strong></span> <span class='ocrx_word' id='word_1_266' title='bbox 2263 3102 2542 3177; x_wconf 82' lang='lat' dir='ltr'><strong>immate-</strong></span> 
     </span>
     <span class='ocr_line' id='line_1_29' title="bbox 331 3203 2546 3292; baseline -0.003 -20"><span class='ocrx_word' id='word_1_267' title='bbox 331 3205 504 3283; x_wconf 87' lang='lat' dir='ltr'><strong>riali,</strong></span> <span class='ocrx_word' id='word_1_268' title='bbox 557 3205 636 3269; x_wconf 89' lang='lat' dir='ltr'><strong>ab</strong></span> <span class='ocrx_word' id='word_1_269' title='bbox 683 3204 931 3270; x_wconf 80' lang='lat' dir='ltr'><strong>artifice</strong></span> <span class='ocrx_word' id='word_1_270' title='bbox 977 3207 1279 3292; x_wconf 82' lang='lat' dir='ltr'><strong>cogitato.</strong></span> <span class='ocrx_word' id='word_1_271' title='bbox 1368 3205 1548 3267; x_wconf 89' lang='lat' dir='ltr'><strong>Haec</strong></span> <span class='ocrx_word' id='word_1_272' title='bbox 1591 3203 1864 3269; x_wconf 83' lang='lat' dir='ltr'><strong>aedificii</strong></span> <span class='ocrx_word' id='word_1_273' title='bbox 1904 3207 2090 3268; x_wconf 89' lang='lat' dir='ltr'><strong>notio</strong></span> <span class='ocrx_word' id='word_1_274' title='bbox 2138 3224 2283 3289; x_wconf 87' lang='lat' dir='ltr'><strong>pars</strong></span> <span class='ocrx_word' id='word_1_275' title='bbox 2326 3210 2546 3287; x_wconf 87' lang='lat' dir='ltr'><strong>potest</strong></span> 
     </span>
     <span class='ocr_line' id='line_1_30' title="bbox 335 3302 2546 3394; baseline -0.004 -18"><span class='ocrx_word' id='word_1_276' title='bbox 335 3310 464 3376; x_wconf 88' lang='lat' dir='ltr'><strong>dici</strong></span> <span class='ocrx_word' id='word_1_277' title='bbox 523 3302 826 3387; x_wconf 84' lang='lat' dir='ltr'><strong>aedificii,</strong></span> <span class='ocrx_word' id='word_1_278' title='bbox 890 3312 1186 3394; x_wconf 86' lang='lat' dir='ltr'><strong>quoniam</strong></span> <span class='ocrx_word' id='word_1_279' title='bbox 1245 3307 1551 3371; x_wconf 83' lang='lat' dir='ltr'><strong>sensibile</strong></span> <span class='ocrx_word' id='word_1_280' title='bbox 1606 3306 1965 3373; x_wconf 86' lang='lat' dir='ltr'><strong>aedificium</strong></span> <span class='ocrx_word' id='word_1_281' title='bbox 2026 3329 2101 3371; x_wconf 84' lang='lat' dir='ltr'><strong>ex</strong></span> <span class='ocrx_word' id='word_1_282' title='bbox 2157 3308 2417 3370; x_wconf 85' lang='lat' dir='ltr'><strong>materia</strong></span> <span class='ocrx_word' id='word_1_283' title='bbox 2480 3315 2546 3369; x_wconf 90' lang='lat' dir='ltr'><strong>et</strong></span> 
     </span>
     <span class='ocr_line' id='line_1_31' title="bbox 333 3407 2547 3498; baseline -0.003 -18"><span class='ocrx_word' id='word_1_284' title='bbox 333 3416 542 3480; x_wconf 87' lang='lat' dir='ltr'><strong>forma</strong></span> <span class='ocrx_word' id='word_1_285' title='bbox 587 3413 854 3492; x_wconf 86' lang='lat' dir='ltr'><strong>coaluit,</strong></span> <span class='ocrx_word' id='word_1_286' title='bbox 901 3422 967 3475; x_wconf 87' lang='lat' dir='ltr'><strong>et</strong></span> <span class='ocrx_word' id='word_1_287' title='bbox 1010 3433 1086 3475; x_wconf 92' lang='lat' dir='ltr'><strong>ea</strong></span> <span class='ocrx_word' id='word_1_288' title='bbox 1134 3410 1385 3497; x_wconf 88' lang='lat' dir='ltr'><strong>quidem</strong></span> <span class='ocrx_word' id='word_1_289' title='bbox 1432 3432 1577 3496; x_wconf 83' lang='lat' dir='ltr'><strong>pars</strong></span> <span class='ocrx_word' id='word_1_290' title='bbox 1624 3407 1984 3495; x_wconf 81' lang='grc' dir='ltr'><strong><em>ὁμώνυμος.</em></strong></span> <span class='ocrx_word' id='word_1_291' title='bbox 2073 3412 2309 3478; x_wconf 85' lang='lat' dir='ltr'><strong>Omnia</strong></span> <span class='ocrx_word' id='word_1_292' title='bbox 2352 3413 2547 3498; x_wconf 82' lang='lat' dir='ltr'><strong>igitur</strong></span> 
     </span>
     <span class='ocr_line' id='line_1_32' title="bbox 334 3507 2547 3602; baseline -0.002 -19"><span class='ocrx_word' id='word_1_293' title='bbox 334 3519 516 3596; x_wconf 84' lang='lat' dir='ltr'><strong>fiunt,</strong></span> <span class='ocrx_word' id='word_1_294' title='bbox 561 3522 663 3595; x_wconf 87' lang='lat' dir='ltr'><strong>ait,</strong></span> <span class='ocrx_word' id='word_1_295' title='bbox 709 3509 754 3596; x_wconf 80' lang='grc' dir='ltr'>ἢ</span> <span class='ocrx_word' id='word_1_296' title='bbox 797 3520 868 3580; x_wconf 77' lang='grc' dir='ltr'><strong>ὲκ</strong></span> <span class='ocrx_word' id='word_1_297' title='bbox 911 3518 1149 3600; x_wconf 78' lang='grc' dir='ltr'><strong><em>μέρους</em></strong></span> <span class='ocrx_word' id='word_1_298' title='bbox 1191 3510 1547 3601; x_wconf 77' lang='grc' dir='ltr'><strong><em>ὁμωνύμου</em></strong></span> <span class='ocrx_word' id='word_1_299' title='bbox 1591 3552 1691 3594; x_wconf 92' lang='lat'><strong>—‚</strong></span> <span class='ocrx_word' id='word_1_300' title='bbox 1737 3507 1781 3596; x_wconf 79' lang='grc' dir='ltr'>ἢ</span> <span class='ocrx_word' id='word_1_301' title='bbox 1825 3521 1894 3579; x_wconf 75' lang='grc' dir='ltr'><strong>ἐκ</strong></span> <span class='ocrx_word' id='word_1_302' title='bbox 1927 3520 2166 3602; x_wconf 71' lang='grc' dir='ltr'><strong><em>μέρους</em></strong></span> <span class='ocrx_word' id='word_1_303' title='bbox 2201 3507 2248 3595; x_wconf 77' lang='grc' dir='ltr'><em>ἢ</em></span> <span class='ocrx_word' id='word_1_304' title='bbox 2282 3510 2547 3600; x_wconf 72' lang='grc' dir='ltr'><strong>ἔχοντός</strong></span> 
     </span>
     <span class='ocr_line' id='line_1_33' title="bbox 333 3618 2548 3708; baseline -0.003 -20"><span class='ocrx_word' id='word_1_305' title='bbox 333 3646 420 3688; x_wconf 83' lang='grc' dir='ltr'><strong>τι,</strong></span> <span class='ocrx_word' id='word_1_306' title='bbox 444 3626 644 3708; x_wconf 87' lang='grc' dir='ltr'><strong><em>μέρος</em></strong></span> <span class='ocrx_word' id='word_1_307' title='bbox 685 3621 840 3684; x_wconf 68' lang='lat'><strong>224.</strong></span> <span class='ocrx_word' id='word_1_308' title='bbox 930 3620 1108 3682; x_wconf 89' lang='lat' dir='ltr'><strong>Haec</strong></span> <span class='ocrx_word' id='word_1_309' title='bbox 1152 3622 1307 3705; x_wconf 89' lang='lat' dir='ltr'><strong>quin</strong></span> <span class='ocrx_word' id='word_1_310' title='bbox 1352 3618 1565 3705; x_wconf 91' lang='lat' dir='ltr'><strong>aliquo</strong></span> <span class='ocrx_word' id='word_1_311' title='bbox 1612 3619 2009 3686; x_wconf 80' lang='lat' dir='ltr'><strong>librariorum</strong></span> <span class='ocrx_word' id='word_1_312' title='bbox 2058 3641 2277 3686; x_wconf 85' lang='lat' dir='ltr'><strong>errore</strong></span> <span class='ocrx_word' id='word_1_313' title='bbox 2323 3618 2548 3706; x_wconf 88' lang='lat' dir='ltr'><strong>depra-</strong></span> 
     </span>
     <span class='ocr_line' id='line_1_34' title="bbox 334 3721 2548 3810; baseline -0.002 -19"><span class='ocrx_word' id='word_1_314' title='bbox 334 3736 484 3791; x_wconf 83' lang='lat' dir='ltr'><strong>vata</strong></span> <span class='ocrx_word' id='word_1_315' title='bbox 530 3729 657 3791; x_wconf 88' lang='lat' dir='ltr'><strong>sint</strong></span> <span class='ocrx_word' id='word_1_316' title='bbox 698 3721 1139 3799; x_wconf 65' lang='lat' dir='ltr'><strong>nonidubito3</strong></span> <span class='ocrx_word' id='word_1_317' title='bbox 1199 3723 1453 3788; x_wconf 88' lang='lat' dir='ltr'><strong>videtur</strong></span> <span class='ocrx_word' id='word_1_318' title='bbox 1496 3727 1664 3789; x_wconf 90' lang='lat' dir='ltr'><strong>enim</strong></span> <span class='ocrx_word' id='word_1_319' title='bbox 1709 3725 1860 3790; x_wconf 82' lang='lat' dir='ltr'><strong>ferri</strong></span> <span class='ocrx_word' id='word_1_320' title='bbox 1901 3728 2006 3790; x_wconf 84' lang='lat' dir='ltr'><strong>vix</strong></span> <span class='ocrx_word' id='word_1_321' title='bbox 2052 3745 2273 3810; x_wconf 86' lang='lat' dir='ltr'><strong>posse,</strong></span> <span class='ocrx_word' id='word_1_322' title='bbox 2319 3733 2388 3788; x_wconf 93' lang='lat' dir='ltr'><strong>ut</strong></span> <span class='ocrx_word' id='word_1_323' title='bbox 2433 3744 2548 3808; x_wconf 90' lang='lat' dir='ltr'><strong>op-</strong></span> 
     </span>
     <span class='ocr_line' id='line_1_35' title="bbox 336 3823 2550 3917; baseline -0.001 -23"><span class='ocrx_word' id='word_1_324' title='bbox 336 3840 666 3917; x_wconf 84' lang='lat' dir='ltr'><strong>ponantur</strong></span> <span class='ocrx_word' id='word_1_325' title='bbox 695 3832 864 3894; x_wconf 89' lang='lat' dir='ltr'><strong>inter</strong></span> <span class='ocrx_word' id='word_1_326' title='bbox 898 3849 970 3891; x_wconf 91' lang='lat' dir='ltr'><strong>se</strong></span> <span class='ocrx_word' id='word_1_327' title='bbox 1003 3829 1201 3914; x_wconf 84' lang='grc' dir='ltr'><strong><em>μέρος</em></strong></span> <span class='ocrx_word' id='word_1_328' title='bbox 1237 3823 1588 3912; x_wconf 81' lang='grc' dir='ltr'><strong><em>ὁμώνυμον</em></strong></span> <span class='ocrx_word' id='word_1_329' title='bbox 1623 3839 1689 3894; x_wconf 86' lang='lat' dir='ltr'><strong>et</strong></span> <span class='ocrx_word' id='word_1_330' title='bbox 1720 3833 1919 3914; x_wconf 85' lang='grc' dir='ltr'><strong><em>μέρος</em></strong></span> <span class='ocrx_word' id='word_1_331' title='bbox 1947 3828 2331 3915; x_wconf 88' lang='lat' dir='ltr'><strong>simpliciter,</strong></span> <span class='ocrx_word' id='word_1_332' title='bbox 2365 3848 2550 3913; x_wconf 88' lang='lat' dir='ltr'><strong>prae-</strong></span> 
     </span>
     <span class='ocr_line' id='line_1_36' title="bbox 337 3927 2549 4020; baseline -0.003 -20"><span class='ocrx_word' id='word_1_333' title='bbox 337 3937 550 4000; x_wconf 86' lang='lat' dir='ltr'><strong>sertim</strong></span> <span class='ocrx_word' id='word_1_334' title='bbox 598 3942 787 4020; x_wconf 85' lang='lat' dir='ltr'><strong>quum</strong></span> <span class='ocrx_word' id='word_1_335' title='bbox 826 3931 955 3996; x_wconf 89' lang='lat' dir='ltr'><strong>hoc</strong></span> <span class='ocrx_word' id='word_1_336' title='bbox 993 3933 1182 3995; x_wconf 88' lang='lat' dir='ltr'><strong>etiam</strong></span> <span class='ocrx_word' id='word_1_337' title='bbox 1216 3935 1416 4018; x_wconf 81' lang='grc' dir='ltr'><strong><em>μέρος</em></strong></span> <span class='ocrx_word' id='word_1_338' title='bbox 1455 3932 1863 4020; x_wconf 83' lang='lat' dir='ltr'><strong>cogitandum</strong></span> <span class='ocrx_word' id='word_1_339' title='bbox 1905 3954 2045 3997; x_wconf 87' lang='lat' dir='ltr'><strong>esse</strong></span> <span class='ocrx_word' id='word_1_340' title='bbox 2085 3927 2434 4016; x_wconf 75' lang='grc' dir='ltr'><strong><em>ὁμώνυμον</em></strong></span> <span class='ocrx_word' id='word_1_341' title='bbox 2473 3951 2549 3995; x_wconf 83' lang='lat' dir='ltr'><strong>ex</strong></span> 
     </span>
     <span class='ocr_line' id='line_1_37' title="bbox 338 4034 2549 4124; baseline -0.001 -22"><span class='ocrx_word' id='word_1_342' title='bbox 338 4036 779 4124; x_wconf 89' lang='lat' dir='ltr'><strong>superioribus</strong></span> <span class='ocrx_word' id='word_1_343' title='bbox 837 4034 1048 4099; x_wconf 88' lang='lat' dir='ltr'><strong>verbis</strong></span> <span class='ocrx_word' id='word_1_344' title='bbox 1089 4036 1225 4100; x_wconf 73' lang='lat'><strong>1122</strong></span> <span class='ocrx_word' id='word_1_345' title='bbox 1269 4046 1592 4121; x_wconf 84' lang='lat' dir='ltr'><strong>appareat.</strong></span> <span class='ocrx_word' id='word_1_346' title='bbox 1690 4035 1843 4120; x_wconf 83' lang='lat' dir='ltr'><strong>Quo</strong></span> <span class='ocrx_word' id='word_1_347' title='bbox 1903 4058 2095 4102; x_wconf 90' lang='lat' dir='ltr'><strong>sensu</strong></span> <span class='ocrx_word' id='word_1_348' title='bbox 2150 4056 2292 4100; x_wconf 86' lang='lat' dir='ltr'><strong>voc.</strong></span> <span class='ocrx_word' id='word_1_349' title='bbox 2349 4038 2549 4121; x_wconf 88' lang='grc' dir='ltr'><strong><em>μέρος</em></strong></span> 
     </span>
     <span class='ocr_line' id='line_1_38' title="bbox 339 4138 2550 4226; baseline -0.002 -20"><span class='ocrx_word' id='word_1_350' title='bbox 339 4142 470 4206; x_wconf 89' lang='lat' dir='ltr'><strong>boc</strong></span> <span class='ocrx_word' id='word_1_351' title='bbox 513 4139 719 4205; x_wconf 81' lang='lat' dir='ltr'><strong>altero</strong></span> <span class='ocrx_word' id='word_1_352' title='bbox 765 4138 935 4217; x_wconf 78' lang='lat' dir='ltr'><strong>loce,</strong></span> <span class='ocrx_word' id='word_1_353' title='bbox 973 4138 1130 4218; x_wconf 73' lang='lat'><strong>024,</strong></span> <span class='ocrx_word' id='word_1_354' title='bbox 1177 4142 1603 4224; x_wconf 87' lang='lat' dir='ltr'><strong>usurpaverit,</strong></span> <span class='ocrx_word' id='word_1_355' title='bbox 1649 4161 1723 4204; x_wconf 85' lang='lat' dir='ltr'><strong>ex</strong></span> <span class='ocrx_word' id='word_1_356' title='bbox 1773 4139 2074 4226; x_wconf 86' lang='lat' dir='ltr'><strong>exemplis</strong></span> <span class='ocrx_word' id='word_1_357' title='bbox 2122 4138 2355 4204; x_wconf 85' lang='lat' dir='ltr'><strong>deinde</strong></span> <span class='ocrx_word' id='word_1_358' title='bbox 2401 4138 2550 4202; x_wconf 90' lang='lat' dir='ltr'><strong>alla-</strong></span> 
     </span>
     <span class='ocr_line' id='line_1_39' title="bbox 338 4240 2548 4333; baseline -0.002 -23"><span class='ocrx_word' id='word_1_359' title='bbox 338 4249 419 4311; x_wconf 84' lang='lat' dir='ltr'><strong>tis</strong></span> <span class='ocrx_word' id='word_1_360' title='bbox 468 4245 776 4333; x_wconf 74' lang='lat' dir='ltr'><strong>cognosci</strong></span> <span class='ocrx_word' id='word_1_361' title='bbox 820 4242 924 4306; x_wconf 87' lang='lat' dir='ltr'><strong>vel</strong></span> <span class='ocrx_word' id='word_1_362' title='bbox 971 4241 1237 4306; x_wconf 87' lang='lat' dir='ltr'><strong>divinari</strong></span> <span class='ocrx_word' id='word_1_363' title='bbox 1284 4252 1515 4328; x_wconf 85' lang='lat' dir='ltr'><strong>potest.</strong></span> <span class='ocrx_word' id='word_1_364' title='bbox 1601 4244 1909 4309; x_wconf 88' lang='lat' dir='ltr'><strong>Nimirum</strong></span> <span class='ocrx_word' id='word_1_365' title='bbox 1956 4266 2048 4325; x_wconf 88' lang='lat' dir='ltr'><strong>ea,</strong></span> <span class='ocrx_word' id='word_1_366' title='bbox 2095 4265 2258 4330; x_wconf 88' lang='lat' dir='ltr'><strong>quae</strong></span> <span class='ocrx_word' id='word_1_367' title='bbox 2300 4247 2366 4307; x_wconf 87' lang='lat' dir='ltr'><strong>in</strong></span> <span class='ocrx_word' id='word_1_368' title='bbox 2413 4240 2548 4308; x_wconf 84' lang='lat' dir='ltr'><strong>effi-</strong></span> 
     </span>
     <span class='ocr_line' id='line_1_40' title="bbox 339 4327 2549 4435; baseline -0.004 -18"><span class='ocrx_word' id='word_1_369' title='bbox 339 4348 567 4416; x_wconf 86' lang='lat' dir='ltr'><strong>cienda</strong></span> <span class='ocrx_word' id='word_1_370' title='bbox 611 4349 894 4426; x_wconf 85' lang='lat' dir='ltr'><strong>sanitate,</strong></span> <span class='ocrx_word' id='word_1_371' title='bbox 941 4356 1011 4412; x_wconf 93' lang='lat' dir='ltr'><strong>ut</strong></span> <span class='ocrx_word' id='word_1_372' title='bbox 1040 4346 1399 4414; x_wconf 83' lang='lat' dir='ltr'><strong>Aristotelis</strong></span> <span class='ocrx_word' id='word_1_373' title='bbox 1438 4348 1788 4435; x_wconf 82' lang='lat' dir='ltr'><strong>exemplum</strong></span> <span class='ocrx_word' id='word_1_374' title='bbox 1826 4327 2169 4428; x_wconf 77' lang='lat' dir='ltr'><strong>teneamuS,</strong></span> <span class='ocrx_word' id='word_1_375' title='bbox 2214 4351 2412 4432; x_wconf 88' lang='lat' dir='ltr'><strong>ipsam</strong></span> <span class='ocrx_word' id='word_1_376' title='bbox 2452 4366 2549 4410; x_wconf 84' lang='lat' dir='ltr'><strong>sa·</strong></span> 
     </span>
    </p>
   </div>
  </div>
 </body>
</html>
