3043 4973
1160 274 1237 341 Z
1277 270 1344 343 3.
1431 268 1619 345 1029
1632 295 1700 344 α.
2384 271 2521 347 301

319 455 494 510 creta
540 441 658 528 (τὸ
705 450 776 511 ἐκ
817 439 1094 525 τούτων,
1140 441 1217 511 τὸ
1264 441 1547 513 σύνολον
1588 452 1723 529 οὗ)
1768 447 1952 513 simul
1999 458 2063 513 et
2103 448 2369 513 formam
2414 469 2529 514 no-

315 553 520 615 minat
562 560 627 615 et
668 552 1010 615 materiam.
1089 552 1174 615 Et
1216 550 1386 615 illam
1434 552 1687 637 quidem
1729 555 1834 639 qui
1872 555 2078 640 possit
2115 553 2238 617 huc
2270 553 2528 632 referre,

311 655 482 719 infra
533 654 804 740 explicat
841 655 1003 719 ⁶23:
1050 648 1133 718 τοὶ
1174 657 1294 738 μὲν
1337 648 1467 742 γὰρ
1513 651 1685 720 ἄλλα
1724 658 1843 734 τῆς
1881 652 2113 731 οὐσίας
2144 659 2527 743 κατήγορεῒψ-

314 779 444 836 ται,
489 753 657 837 αὕτη
703 758 773 823 δὲ
814 760 934 836 τῆς
977 752 1151 837 ὕλης,
1197 758 1461 823 formam
1507 768 1715 824 autem
1758 782 1876 845 qua
1912 762 2166 825 ratione
2205 762 2406 845 possit
2444 760 2525 825 ad

219 891 234 902 ο
313 858 744 945 ὑποκείμενον
787 861 1054 940 referre,
1117 862 1407 949 equidem
1455 884 1590 928 non
1635 884 1970 948 assequor,
2028 864 2140 927 sed
2200 884 2332 928 non
2377 884 2523 950 pos-

315 987 460 1030 sum
501 968 655 1050 quin
701 964 1153 1053 negligentiam
1200 966 1511 1052 quandam
1559 965 1913 1033 disserendi
1956 972 2022 1032 in
2069 989 2149 1032 eo
2200 971 2374 1032 cerni
2412 991 2527 1053 pu-

314 1076 473 1146 tem,
534 1066 708 1153 quod
768 1090 907 1133 cum
965 1074 1225 1135 materia
1271 1082 1336 1137 et
1377 1094 1448 1136 re
1495 1081 1797 1137 concreta
1842 1070 2028 1136 simul
2069 1074 2318 1136 tertium
2363 1071 2525 1137 illud

315 1172 552 1250 attulit,
598 1171 771 1257 quod
815 1173 1188 1261 plerumque
1233 1197 1373 1260 cum
1419 1180 1498 1240 iis
1545 1177 1969 1263 coniungitur,
2023 1174 2276 1254 oblituS,
2320 1186 2393 1240 ut
2434 1179 2523 1241 vi-

233 1357 240 1363 ·
315 1275 521 1354 detur,
565 1295 635 1339 se
681 1298 873 1364 agere
921 1277 1002 1342 de
1044 1276 1458 1364 ὑποκειμένῳ.
1533 1281 1617 1344 Et
1662 1282 1802 1367 ipse
1847 1277 2097 1365 quidem
2145 1279 2522 1345 Aristoteles

313 1390 383 1445 et
423 1383 490 1444 in
535 1380 662 1443 hoc
704 1380 872 1445 libro
915 1381 1196 1459 formam,
1241 1377 1319 1447 τὸ
1360 1377 1547 1460 εἶδος,
1591 1386 1902 1470 perquirit
1931 1403 2063 1447 non
2101 1383 2209 1447 ubi
2244 1381 2324 1448 de
2359 1381 2520 1449 ὑπο-

310 1487 581 1570 κειμένῳ
625 1483 739 1549 sed
786 1484 897 1550 ubi
945 1485 1025 1550 de
1070 1489 1163 1569 τῷ
1213 1488 1278 1550 τί
1320 1475 1404 1566 ἦν
1450 1481 1620 1552 εἶναι
1661 1487 1970 1573 disputat,
2030 1497 2094 1550 et
2137 1486 2318 1566 alibi,
2362 1490 2417 1552 A
2458 1488 2520 1566 6,

309 1591 480 1674 ipsas
537 1588 649 1652 has
711 1588 868 1652 duas
924 1590 1427 1677 significationes
1471 1590 1862 1682 substantiae
1906 1593 2088 1654 inter·
2117 1611 2186 1655 se
2232 1593 2521 1677 opponit,

310 1702 387 1757 ut
428 1691 533 1756 vel
576 1695 659 1757 sit
697 1689 1125 1775 ὑποκείμενον
1169 1697 1447 1780 ἔσχατον
1489 1694 1596 1760 vel
1642 1690 1790 1760 τόδε
1835 1718 1898 1759 τι
1939 1694 2052 1759 καὶ
2089 1689 2434 1780 χωριστόν.

447 1796 575 1860 Iam
624 1795 704 1861 de
747 1802 1006 1862 materia
1051 1801 1137 1862 ita
1183 1798 1492 1885 disputat,
1549 1810 1620 1865 ut
1680 1821 1753 1864 ea
1812 1809 1876 1863 et
1917 1798 2210 1864 videatur
2251 1802 2519 1885 primum

310 1923 387 1965 ae
444 1903 838 1987 potissimum
898 1901 1289 1967 substantiae
1346 1925 1583 1967 nomen
1641 1903 1761 1968 sibi
1816 1902 2140 1967 vindicare
2190 1912 2253 1967 et
2299 1901 2518 1967 eadem

308 2005 438 2069 hoc
481 2008 741 2070 nomine
785 2006 1049 2094 indigna
1096 2029 1235 2072 esse
1281 2007 1399 2088 (cf.
1447 2007 1641 2092 Phys.
1687 2009 1717 2071 1
1764 2009 1822 2071 7.
1872 2009 2039 2071 191a
2079 2009 2189 2071 19:
2240 2002 2520 2092 πότερον

308 2110 382 2173 δὲ
426 2105 621 2175 οὐσία
664 2102 741 2174 τὸ
788 2107 959 2186 εἶδος
1002 2105 1047 2189 ἢ
1087 2106 1166 2176 τὸ
1210 2107 1653 2194 ὑποκείμενον,
1701 2104 1879 2176 οὔπω
1926 2111 2191 2193 δῆλον),
2238 2132 2389 2174 usus
2426 2112 2522 2173 ni-

303 2215 532 2277 mirum
581 2212 824 2277 duabus
870 2213 1014 2294 illis,
1062 2236 1218 2300 quas
1263 2214 1459 2279 modo
1497 2217 2003 2293 commemoravi,
2047 2216 2236 2293 notis,
2283 2237 2356 2279 ex
2387 2216 2521 2300 qui·-

304 2316 429 2381 bns
474 2315 823 2382 substantia
870 2331 1314 2406 cognoscatur.
1406 2319 1682 2384 Primum
1743 2321 1908 2384 enim
1962 2338 2097 2381 eam
2143 2321 2334 2384 sumit
2380 2340 2519 2383 esse

305 2422 701 2486 substantiae
760 2432 1073 2503 naturam,
1132 2435 1203 2489 ut
1259 2444 1393 2490 non
1440 2422 1523 2488 de
1570 2421 1696 2488 alio
1744 2425 2040 2509 quopiam
2088 2421 2517 2509 praedicatum

308 2547 388 2591 ex
435 2547 511 2591 ea
558 2526 844 2607 conficit,
904 2538 974 2592 ut
1029 2532 1327 2594 materiae
1379 2549 1571 2613 quum
1617 2528 1881 2593 maxime
1926 2526 2262 2591 tribuenda
2304 2525 2519 2590 videa-

305 2641 413 2696 tur
455 2630 846 2698 substantiae
894 2632 1187 2721 dignitas.
1273 2634 1530 2696 Etenim
1588 2630 1830 2716 reliqua
1888 2633 2126 2707 omnia,
2184 2627 2517 2714 qualitates

305 2737 689 2821 quantitates
731 2737 1108 2801 affectiones
1148 2733 1271 2799 alia
1308 2733 1373 2799 id
1412 2757 1633 2822 genuS,
1677 2733 2026 2798 subiectum
2070 2731 2388 2819 quidpiam
2422 2750 2519 2796 re-

307 2842 580 2925 quirunt,
623 2840 798 2924 quod
844 2839 1154 2905 definiant
1200 2850 1265 2905 et
1305 2841 1408 2903 cui
1447 2840 1848 2914 inhaereant3
1893 2839 2153 2902 materia
2188 2838 2326 2922 ipsa
2358 2835 2517 2901 illud

307 2953 411 3008 est
453 2941 819 3023 subiectum,
865 2945 1127 3010 cuilibet
1171 2944 1413 3008 formae
1446 2942 1854 3030 recipiendae
1889 2943 2132 3029 pariter
2163 2953 2328 3027 apta.
2396 2941 2520 3005 Ita-

307 3068 438 3133 que
480 3051 776 3132 quoniam
824 3059 919 3113 est
961 3046 1040 3113 τὸ
1081 3046 1510 3131 ὑποκείμενον
1559 3048 1865 3131 ἔσχατον,
1924 3047 2285 3109 necessario
2342 3043 2518 3108 vide—

306 3161 412 3216 tur
458 3173 581 3237 pro
626 3152 975 3216 substantia
1021 3148 1313 3215 habenda
1362 3171 1520 3214 esse.
1608 3146 1965 3215 Ἀδύνατον
2010 3149 2097 3226 δέ,
2141 3150 2295 3213 ⁶27.
2386 3148 2517 3211 Iam

308 3253 570 3320 alteram
618 3254 912 3334 adsciscit
956 3254 1347 3319 substantiae
1392 3264 1639 3328 notam-;
1699 3262 1959 3338 oportet
2016 3254 2180 3315 enim
2224 3250 2518 3315 substan-

306 3363 459 3424 tiam
507 3382 645 3424 esse
691 3345 1110 3444 separabilem
1156 3381 1231 3421 ac
1274 3355 1599 3420 definitam
1645 3350 1763 3437 (τὸ
1809 3351 1958 3419 τόδε
2003 3378 2064 3419 τι
2108 3357 2261 3433 1⁸28,
2310 3354 2386 3418 cf.
2433 3352 2515 3418 ad

306 3466 364 3530 A
407 3465 469 3530 8.
518 3466 720 3529 10171»
757 3464 912 3543 25);
960 3462 1220 3526 materia
1262 3480 1417 3525 vero
1465 3481 1674 3546 neque
1720 3469 2048 3546 separatur
2092 3480 2364 3545 unquam
2409 3456 2518 3522 vel

304 3590 426 3655 per
468 3589 538 3633 se
582 3576 795 3656 potest
840 3569 1138 3655 cogitari,
1196 3587 1316 3630 nec
1361 3563 1623 3628 definita
1669 3573 1797 3644 est,
1841 3562 1954 3628 sed
2001 3573 2276 3649 potest
2320 3561 2518 3648 quali-

303 3673 417 3737 bet
458 3672 685 3738 forma.
708 3670 980 3737 definiri.
1072 3670 1342 3734 Materia
1398 3671 1596 3755 igitur
1647 3689 1781 3733 non
1827 3678 1924 3733 est
1965 3666 2341 3743 substantia,
2399 3663 2514 3730 sed

306 3797 388 3841 eo
435 3778 649 3861 potius
693 3774 1133 3839 inclinabimus
1180 3784 1249 3838 ut
1292 3774 1573 3850 formam,
1623 3775 1724 3837 cui
1767 3771 1917 3836 illae
1950 3775 2181 3848 insunt,
2228 3792 2382 3856 quas
2419 3791 2517 3833 re-

306 3881 691 3965 quisivimus,
735 3882 1020 3957 virtutes,
1065 3877 1476 3943 substantiam
1519 3899 1660 3942 esse
1697 3887 2059 3941 statuamus
2126 3873 2284 3943 Inde
2316 3886 2516 3939 trans-

303 3985 431 4047 itus
473 3994 735 4069 paratur
777 3983 858 4048 ad
904 3981 1413 4069 investigandum
1459 3979 1633 4058 εἶὸος
1677 3991 1742 4045 et
1776 3974 1853 4047 ui
1892 3981 1958 4045 τί
1993 3969 2077 4060 ἦν
2110 3974 2294 4057 εἶναι,
2339 3975 2514 4063 quod

299 4089 591 4174 proximo
639 4091 850 4174 capite
891 4096 1189 4153 excutere
1235 4088 1515 4171 suscipit.

441 4194 717 4257 1⁰29a5
765 4185 965 4256 ὥστε
1012 4194 1080 4254 εὶ
1123 4181 1214 4254 τὸ
1261 4186 1477 4266 εἶδος
1520 4189 1663 4269 τῆς
1702 4183 1902 4267 ὕλης
1936 4181 2343 4274 πρότερον
2381 4186 2547 4271 καὶ.

301 4295 623 4378 μᾶλλον
668 4289 776 4361 ὅν.
846 4293 1046 4380 Quod
1085 4293 1348 4361 formam
1387 4297 1664 4380 priorem
1707 4292 1860 4361 dicit
1897 4313 2037 4359 esse
2075 4293 2348 4370 materia,
2393 4292 2514 4353 iam

301 4398 566 4465 alteram
600 4399 988 4467 substantiae
1027 4408 1261 4479 notam,
1306 4409 1377 4465 ut
1421 4401 1503 4467 sit
1545 4393 1696 4465 τόδε
1742 4420 1806 4462 τι
1848 4397 1959 4463 καὶ
1998 4391 2324 4483 χωριστόν
2359 4393 2514 4470 ⁶28,
