3043 4973
1468 38 1503 47 --·

1147 241 1227 309 Λ
1277 235 1345 309 7.
1429 234 1699 310 1072oe
2383 218 2528 313 '497

325 434 463 478 rum
511 420 722 477 autem
765 413 946 497 prior
978 410 1318 477 manifesto
1354 421 1421 477 et
1456 409 1769 499 dignitate
1806 413 2029 497 potior
2068 421 2167 477 est
2198 409 2526 490 voluntaag

326 536 488 601 ergo
537 507 808 600 ὀρεκτὸν
848 514 1110 600 πρῶτον
1155 525 1254 579 est
1295 517 1498 599 ipsum
1545 514 1895 600 pulchrum,
1937 507 2016 579 τὸ
2061 508 2141 580 ὃν
2180 509 2404 579 καλόν.
2438 550 2528 565 —-

325 618 455 682 Iam
497 638 656 681 vero
703 620 1156 702 concupiscere
1198 637 1335 681 non
1379 638 1746 702 possumus,
1800 620 1924 682 nisi
1967 616 2145 702 quod
2190 626 2374 681 antea
2418 638 2525 682 co·

324 722 764 808 gitaverimus;
807 721 954 803 quia
997 718 1328 803 pulchrum
1375 720 1698 806 quidpiam
1744 718 2172 807 cogitantibus
2212 719 2399 784 nobis
2432 722 2527 783 vi-

326 822 511 888 detur
555 817 764 901 (ὃιότι
807 821 984 885 δοκεῖ
1027 824 1179 901 «129,
1226 825 1337 886 int.
1378 818 1645 901 καλόν),
1689 833 2032 908 propterea
2079 820 2241 886 illud
2285 823 2526 908 appeti-

324 948 478 1003 mus,
518 945 652 988 non
682 923 1012 1009 pulchrum
1041 924 1311 1002 videtur,
1350 928 1495 1009 quia
1528 926 1914 1010 appetimus3
1947 926 2327 1010 principium
2358 924 2524 988 enim

324 1026 666 1114 petendum
709 1050 746 1091 a
793 1029 1204 1115 cogitatione.
1280 1028 1464 1108 (Hoc
1498 1029 1858 1106 enunciata,
1896 1029 2050 1105 «129,
2079 1028 2186 1104 3⁰,
2233 1036 2300 1091 et
2330 1036 2528 1092 trans·

324 1134 475 1196 itum
521 1140 704 1217 parat
749 1128 828 1193 ad
873 1129 1316 1216 inquirendum
1361 1122 1440 1193 τὸ
1482 1124 1756 1208 νοητόν,
1816 1141 1882 1195 ct
1936 1150 2126 1215 quum
2172 1128 2338 1194 idem
2383 1150 2527 1194 esse

322 1233 718 1301 demonstret
761 1227 837 1297 τὸ
882 1227 1128 1311 νοητὸν
1164 1234 1424 1318 πρῶτον
1467 1241 1535 1296 et
1565 1225 1645 1296 τὸ
1683 1227 1959 1317 ὀρεκτὸν
1993 1234 2271 1320 πρῶτον,
2316 1244 2528 1297 tamen

317 1340 639 1424 potiorem
697 1338 756 1399 ei
817 1335 1183 1422 dignitatem
1243 1334 1638 1401 tribuendam
1699 1334 2024 1423 significat
2074 1346 2383 1421 quatenus
2429 1344 2529 1399 est

317 1435 620 1521 νοητόν.)
695 1437 1027 1526 Cogitatio
1074 1449 1282 1503 autem
1328 1440 1637 1502 excitatur
1672 1459 1789 1524 per
1819 1437 2210 1527 cogitabile3·
2241 1447 2306 1501 et
2336 1456 2527 1523 quum

320 1544 486 1608 duae
513 1547 641 1608 sint
666 1563 873 1606 rerum
898 1543 1114 1621 series,
1141 1540 1359 1627 quales
1390 1540 1725 1604 distinctae
1749 1543 1992 1606 suntin
2016 1540 2194 1605 libris
2222 1537 2305 1604 de
2328 1539 2527 1619 bono,

320 1647 400 1711 cf.
431 1647 512 1712 ad
543 1648 612 1710 Γ
631 1648 691 1711 2.
726 1645 936 1711 loma
962 1647 1022 1724 2,
1066 1643 1431 1734 cogitabilis
1461 1664 1580 1730 per
1609 1664 1682 1707 se
1712 1665 1788 1708 ea
1820 1654 1919 1708 est
1947 1646 2161 1722 series,
2189 1663 2353 1728 quae
2384 1641 2530 1707 sub·

318 1752 610 1815 stantiam
657 1759 721 1814 et
765 1749 1030 1813 formam
1076 1758 1142 1813 et
1185 1747 1431 1832 reliqua
1472 1767 1593 1832 per
1629 1746 2115 1812 affirmationem
2153 1765 2230 1809 ac
2264 1747 2529 1832 positio*

318 1874 465 1919 nem
511 1851 774 1916 definita
820 1854 1136 1927 contiuet3
1183 1871 1346 1936 quae
1392 1853 1560 1915 enim
1605 1852 1671 1913 iu
1718 1849 1916 1915 altera
1961 1851 2128 1914 serie
2160 1869 2530 1917 enumeran-

320 1966 428 2021 tur
453 1959 767 2043 negativa,
811 1976 887 2020 ea
932 1975 1065 2021 non
1110 1974 1230 2041 per
1273 1973 1344 2018 se
1388 1950 1601 2034 (καθ’
1633 1948 1845 2032 αὑτήν
1880 1956 2059 2035 031)
2104 1951 2218 2017 sed
2264 1973 2384 2038 per
2428 1973 2527 2016 ac·

320 2059 540 2124 cidens
586 2059 965 2145 cogitationi
1009 2056 1446 2134 subiiciuntur,
1488 2055 1570 2119 cf.
1608 2054 1690 2120 ad
1729 2056 1788 2122 Θ
1815 2059 1877 2122 2.
1921 2057 2124 2123 1046b
2152 2056 2255 2120 11.
2331 2055 2528 2141 Atqui

318 2165 387 2226 in
432 2161 543 2226 illa
587 2164 757 2225 serie
796 2164 994 2247 prima
1042 2169 1141 2223 est
1183 2158 1539 2223 substantia
1585 2181 1690 2237 ea,
1749 2180 1911 2246 quae
1954 2157 2220 2244 simplex
2264 2167 2393 2237 est,
2443 2156 2524 2221 ab

320 2266 497 2329 omni
541 2266 840 2330 materiae
884 2274 952 2328 et
994 2264 1324 2350 potentiae
1356 2262 1768 2350 ambiguitate
1796 2265 2104 2339 immunis,
2147 2264 2290 2345 ipse
2319 2269 2528 2335 actmz

318 2368 436 2433 sed
495 2389 635 2432 cum
692 2390 767 2432 ea
825 2367 1176 2433 substantia
1233 2368 1641 2430 coniunctum
1689 2372 1798 2430 -est
1851 2369 1918 2430 in
1978 2363 2197 2429 eadem
2251 2366 2416 2429 serie
2461 2361 2529 2428 id

319 2469 497 2558 quod
539 2491 653 2537 sua
699 2481 924 2538 natura
968 2468 1315 2557 appetibile
1362 2478 1460 2534 est
1502 2478 1573 2533 et
1627 2467 1977 2555 pulchrum.
2070 2467 2272 2553 Quod
2318 2476 2527 2533 autem

319 2579 589 2661 primum
636 2584 733 2639 est
774 2577 838 2639 in
886 2573 1093 2659 aliqua
1140 2575 1337 2649 serie,
1390 2571 1460 2636 id
1516 2574 1858 2658 praecipue
1910 2591 2047 2636 eam
2091 2570 2289 2636 habet
2332 2568 2532 2655 quali-

320 2687 531 2756 tatem,
577 2698 740 2762 quae
783 2679 852 2741 in
893 2676 1139 2763 reliqua
1185 2678 1467 2740 cernitur
1505 2679 1690 2754 serie,
1734 2675 1813 2739 cf.
1846 2699 1891 2739 a
1924 2676 1982 2739 1.
2017 2676 2180 2741 993⁵
2200 2675 2319 2750 243
2367 2693 2527 2761 ergo

319 2784 518 2868 prima
566 2779 673 2844 illa
719 2779 1073 2845 substantia
1118 2788 1217 2844 est
1259 2770 1338 2842 τὸ
1381 2769 1674 2865 ἄριστον.
1764 2780 1986 2863 ltaque
2029 2780 2213 2844 sicuti
2258 2769 2531 2864 ὀρεκτὸν

317 2887 581 2970 πρῶτον
621 2892 717 2947 est
750 2878 829 2947 τὰ
867 2876 947 2948 ὃν
978 2879 1203 2961 καλόν,
1247 2885 1335 2947 ita
1372 2884 1560 2946 etiam
1594 2879 1840 2962 νοητὸν
1870 2879 2132 2969 πρῶτον
2165 2889 2266 2945 est
2300 2873 2376 2945 τὸ
2409 2900 2532 2944 κα-

319 2982 458 3066 λόν,
493 2981 571 3051 τὸ
609 2982 692 3051 δι’
727 2977 890 3051 αὑτὸ
931 2981 1213 3073 αἱρετόν,
1248 2978 1326 3049 τὸ
1363 2977 1656 3071 ἄριστον,
1698 2987 1832 3048 sive
1864 2977 1938 3049 τὸ
1977 2975 2061 3049 οὗ
2092 2989 2282 3049 ἕνεκα
2314 2981 2528 3068 (quod

320 3089 648 3175 quomodo
707 3088 1049 3154 cohaereat
1091 3109 1232 3154 cum
1280 3089 1370 3170 τῷ
1414 3084 1666 3171 ἀγαθῷ
1710 3087 1790 3154 cf.
1835 3087 1918 3152 ad
1964 3088 2032 3151 A
2068 3088 2131 3151 8.
2177 3088 2348 3153 9830
2375 3088 2528 3168 31).

319 3193 550 3256 Movet
605 3201 811 3256 autem
866 3209 1172 3256 summum
1227 3189 1389 3255 illud
1432 3193 1815 3276 principium
1859 3209 2155 3267 movens,
2211 3197 2525 3275 quatenus

317 3315 439 3381 per
481 3315 553 3358 se
598 3293 948 3379 appetibile
992 3304 1091 3357 est
1134 3304 1199 3356 et
1235 3302 1551 3376 tamquam
1573 3294 1859 3377 ’πρῶτον
1901 3287 2176 3379 ὀρεκτόν
2220 3292 2528 3376 concupi-

318 3399 541 3475 scitur,
588 3398 699 3461 ⁶3:
757 3397 920 3461 κινεῖ
967 3397 1035 3461 δὲ
1091 3399 1242 3474 (int.
1287 3389 1364 3464 τὸ
1408 3395 1671 3478 πρῶτον
1712 3395 1948 3459 κινοῦν·
1979 3398 2116 3459 sive
2160 3387 2238 3459 τὸ
2284 3386 2363 3458 ὂν
2405 3415 2525 3458 κα-

319 3494 479 3578 λόν)
526 3495 613 3574 ὡς
653 3493 997 3585 ἐρώμενον.
1068 3497 1414 3579 (Conferri
1453 3517 1596 3561 cum
1634 3491 2035 3582 hoc¹placito
2073 3506 2311 3585 potest,
2351 3494 2529 3583 quod

318 3603 429 3667 Ar.
476 3604 844 3687 saepissime
887 3611 1174 3672 naturam
1221 3600 1300 3665 ad
1349 3603 1654 3687 optimum
1696 3601 1764 3663 in
1809 3621 2052 3688 genere
2098 3619 2355 3686 quoque
2394 3608 2531 3663 ten-

318 3702 476 3768 dere
516 3702 690 3782 dicit,
736 3704 815 3767 cf.
846 3703 929 3769 de
957 3725 1106 3792 gen.
1139 3714 1205 3769 et
1234 3725 1399 3769 corr.
1434 3703 1494 3767 11
1528 3703 1633 3767 10.
1663 3699 1825 3768 336⁶
1849 3705 1964 3770 272
2009 3708 2081 3768 ἐν
2126 3697 2378 3767 ἅπασιν
2420 3698 2528 3767 ἀεὶ

316 3808 439 3871 τοῦ
479 3803 822 3890 βελτίονος
865 3804 1229 3893 ὀρέγεσθαί
1272 3823 1494 3896 φαμεν
1535 3799 1663 3883 τὴν
1706 3799 1925 3894 φύσιν.
1982 3803 2066 3870 de
2099 3813 2263 3890 part.
2296 3825 2399 3869 an:
2431 3803 2529 3869 IV

322 3912 425 3974 10.
463 3911 629 3975 687⁶
666 3913 767 3976 15.
829 3908 910 3974 de
950 3913 1072 3974 inc.
1114 3929 1213 3974 an.
1251 3912 1313 3973 2.
1356 3910 1516 3975 7041»
1543 3911 1652 3972 15.
1704 3906 1811 3993 ph.
1846 3929 1926 3972 m.
1959 3910 2126 3973 469⁶
2149 3909 2258 3974 28.
2317 3905 2533 3973 Zeller

318 4011 435 4076 Ph.
474 4011 535 4076 d.
578 4012 692 4078 Gr.
733 4013 812 4078 11.
847 4035 911 4099 p.
945 4014 1133 4093 455.)
1221 4009 1294 4077 Id
1339 4031 1514 4088 vero,
1560 4009 1736 4095 quod
1780 4031 1814 4073 a
1862 4013 2069 4097 primo
2115 4010 2232 4076 illo
2273 4019 2529 4076 motui-e

318 4125 562 4178 motum
619 4118 851 4200 accipit
906 4149 994 4165 -—-
1052 4136 1127 4179 ac
1182 4112 1587 4202 cogitandam
1646 4134 1788 4177 esse
1826 4097 2258 4179 'inerrantium
2319 4112 2532 4180 stella-

318 4235 458 4279 mm
503 4216 830 4301 sphaeram
872 4228 1139 4305 apparet
1178 4251 1279 4295 -‚
1324 4235 1465 4281 eum
1506 4214 1744 4281 deinde
1780 4215 1863 4280 ad
1899 4215 2141 4303 reliqua
2182 4219 2532 4281 continuat.

319 4319 445 4397 (53
491 4314 874 4403 κινούμενον
917 4320 986 4385 δὲ
1029 4310 1245 4385 τᾶλλα
1286 4327 1476 4398 κινεῖ,
1532 4338 1671 4385 non
1713 4329 1934 4405 potest
1976 4323 2183 4385 omitti
2228 4318 2531 4385 articulus

405 4421 610 4475 Aristot.
636 4424 855 4493 metaph.
880 4424 960 4475 ed.
986 4424 1168 4477 Bonitz
1190 4425 1306 4478 Vol.
1330 4425 1392 4476 11.
2055 4425 2124 4478 32
