3043 4973
480 225 622 304 182
1309 230 1383 299 Γ
1420 226 1494 299 2.
1575 225 1847 300 10041).

474 407 642 470 viam
698 405 878 491 quasi
919 411 1106 490 parat
1146 401 1602 491 philosophiae
1647 402 1725 469 cf.
1775 404 1945 491 Top.
1988 404 2021 470 Ι
2066 407 2129 471 1.
2174 413 2239 470 et
2282 402 2366 470 ad
2410 403 2478 471 B
2520 405 2689 481 init.;

476 510 819 595 sophistica
863 528 1021 574 vero
1070 529 1203 586 ars,
1263 529 1454 593 quum
1499 507 1800 595 neglecta
1843 512 2112 574 veritate
2155 510 2431 596 speciem
2477 518 2693 595 captet

474 614 792 690 veritatis,
836 613 977 698 ipsa
1022 609 1370 698 quaerendi
1414 610 1778 692 voluntate,
1831 615 1956 679 τοῦ
1994 613 2150 696 βίον
2192 613 2272 704 τῇ
2312 615 2695 699 προαιρέσει

474 718 621 796 ὂ24,
666 718 963 802 opposita
1010 727 1108 780 est
1155 714 1629 802 philosophiae.
1702 716 1782 782 cf.
1821 720 1989 804 Top.
2021 717 2180 783 VIII
2228 720 2330 782 ll.
2377 718 2543 782 162a
2579 718 2689 781 16:

477 822 618 888 ἔστι
658 820 729 884 δὲ
763 857 854 869 -
892 812 1198 907 σόφισμα
1243 813 1681 905 συλλογισμὸς
1724 816 2061 905 ἐριστικός.
2118 820 2319 907 Soph.
2354 820 2595 886 elench.
2629 822 2692 884 1.

480 926 646 990 165a
670 925 787 989 21ε
832 923 970 987 ἔστι
1010 915 1140 1009 γὰρ
1183 918 1226 1002 ἡ
1263 917 1615 1012 σοφιστικὴ
1648 928 2020 1014 φαινομένη
2051 927 2262 1014 σοφία
2293 915 2464 991 οὖσα
2496 921 2557 990 δ’
2594 918 2691 990 οὔ.

476 1029 541 1093 2.
576 1029 734 1092 165ὸ
760 1028 830 1091 7ε
867 1027 1174 1112 ἑριστικοὶ
1210 1023 1270 1091 δ’
1307 1030 1431 1108 (sc.
1470 1027 1900 1113 συλλογισμοί
1936 1033 2131 1109 εἰσιν)
2169 1032 2233 1095 οὶ
2268 1033 2337 1093 ὲκ
2370 1031 2502 1093 τῶν
2535 1051 2695 1116 φαι-
2791 1045 2795 1050 ·

478 1134 772 1215 νομένων
830 1125 1113 1209 ἐνδόξων
1168 1125 1262 1215 μὴ
1321 1124 1534 1197 ὄντων
1579 1132 1648 1197 δὲ
1695 1133 2172 1216 συλλογιστικοὶ
2212 1124 2260 1214 ἢ
2303 1127 2697 1222 φαινόμενοι

480 1234 978 1318 συλλογιστικοί.
1048 1236 1151 1300 11.
1196 1237 1355 1300 171⁶
1390 1238 1450 1300 7.
1516 1237 1707 1303 Rhet.
1746 1237 1778 1302 1
1823 1240 1883 1302 1.
1931 1239 2135 1303 135511
2163 1239 2273 1303 17:
2321 1233 2358 1301 ὁ
2401 1230 2531 1324 γὰρ
2577 1255 2695 1302 σο·-

481 1331 786 1430 φιστικὸς
829 1334 946 1404 οὐκ
991 1342 1062 1406 ὲν
1105 1339 1185 1423 τῇ
1228 1333 1500 1424 δυνάμει
1546 1337 1692 1406 ἀλλ’
1732 1346 1802 1409 ἐν
1845 1343 1925 1434 τῇ
1970 1343 2392 1427 προιαιρέσει.

616 1444 819 1509 1004ὂ
861 1444 944 1508 17
1001 1451 1350 1526 σημεῖον
1406 1445 1489 1511 δὲ
1542 1484 1630 1496 -
1673 1448 1761 1512 22
1813 1449 2099 1511 οἰκεῖα.
2187 1444 2574 1532 Sylburgius
2632 1452 2697 1508 et

481 1567 704 1612 omnes
760 1556 911 1633 post
968 1569 1111 1613 eum
1170 1547 1455 1614 editores
1512 1548 1709 1615 verba
1760 1547 1803 1631 ἡ
1848 1543 2000 1635 γὰρ.
2024 1542 2374 1639 σοφιστικὴ
2421 1586 2503 1601 --
2546 1548 2699 1633 περὶ

480 1644 795 1716 ἁπάντων
838 1653 1236 1738 parenthesis
1281 1654 1482 1740 signis
1528 1652 1952 1731 incluserunt;
1998 1652 2114 1719 sed
2160 1656 2457 1741 quoniam
2496 1651 2696 1716 verba

482 1757 548 1821 οἱ
593 1756 986 1823 διαλεκτικοὶ
1044 1757 1460 1839 διαλέγονται
1514 1759 1670 1846 περὶ
1720 1752 2032 1824 ἁπάντων
2077 1760 2165 1823 ita
2211 1757 2291 1822 ad
2339 1759 2693 1822 universam

483 1861 1037 1926 ratiocinationem
1095 1864 1422 1946 pertinent
1464 1871 1538 1926 ut
1580 1862 1661 1926 ab
1709 1884 1783 1928 ea
1828 1861 2070 1927 secludi
2114 1871 2463 1948 nequeant,
2523 1861 2697 1945 equi-

484 1962 628 2028 dem
658 1966 724 2029 in
753 1964 914 2031 obs.
949 1963 1031 2029 ad
1055 1966 1212 2030 Met.
1243 1988 1306 2052 p.
1337 1968 1422 2030 12
1451 1967 1858 2053 parenthesin
1891 1974 2043 2051 post
2072 1968 2284 2056 σοφία
2315 1967 2454 2031 ἐστι’
2486 1963 2699 2029 claudi

482 2066 830 2132 volueram.
920 2070 1104 2133 Hanc
1147 2073 1462 2135 rationem
1507 2073 1651 2135 iure
1693 2070 2169 2157 reprehendens
2205 2067 2698 2136 Winckelman-

480 2192 602 2235 nus
631 2174 700 2236 in
732 2194 995 2238 censura
1026 2172 1228 2237 libelli
1258 2177 1383 2239 mei
1414 2176 1623 2254 (Jahn
1649 2173 1872 2238 Jahrb.
1906 2175 2097 2240 1843.
2129 2176 2408 2239 XXXIX.
2438 2198 2503 2260 p.
2525 2174 2691 2254 283)

487 2275 739 2341 extendi
771 2279 988 2363 potius
1017 2279 1428 2364 parenthesin
1460 2279 1641 2344 iubet
1677 2300 1875 2365 usque
1916 2277 1998 2343 ad
2035 2279 2233 2344 verba
2269 2273 2346 2344 τὸ
2385 2272 2465 2343 ὅν
2502 2283 2697 2355 ἐστιν,

484 2400 673 2465 quam
718 2380 971 2466 quidem
1020 2385 1341 2448 enunciati
1384 2384 1956 2450 conformationem
2018 2385 2203 2448 etiam
2249 2380 2695 2470 Schweglerus

484 2482 567 2549 ad
601 2486 662 2550 h.
695 2485 740 2552 1.
780 2488 1076 2573 praefert.
1146 2486 1277 2554 Sed
1322 2491 1375 2553 si
1421 2488 1575 2574 quid
1609 2488 1802 2578 video
1841 2509 1976 2553 non
2014 2498 2289 2577 possunt
2323 2486 2461 2553 ullo
2497 2485 2694 2552 modo
2807 2512 2810 2517 f

484 2591 880 2674 parenthesis
937 2594 1120 2680 signa
1172 2594 1260 2658 ita
1305 2595 1489 2680 poni,
1551 2602 1622 2659 ut
1665 2615 1735 2660 re
1778 2615 1962 2673 vera,
2019 2613 2183 2678 quae
2238 2614 2456 2657 eorum
2503 2589 2699 2656 debet

483 2695 580 2757 vis
628 2715 786 2773 esse,
829 2694 1152 2785 legentem
1200 2696 1520 2765 adiuvent.
1593 2699 1689 2762 Ita
1735 2700 1904 2763 enim
1952 2718 2241 2762 connexa
2288 2707 2385 2762 est
2422 2718 2497 2761 ea
2535 2716 2698 2782 quae

482 2799 916 2884 interponitur
969 2802 1353 2886 sophisticae
1411 2804 1564 2868 artis
1612 2801 1950 2889 explicatio
1997 2825 2139 2868 cum
2182 2805 2321 2887 ipsa
2367 2821 2699 2888 argumen-

484 2903 754 2981 tatione,
799 2914 872 2968 ut
916 2904 1278 2990 ubicunque
1324 2908 1724 2992 parenthesis
1769 2910 1955 2995 signa
1998 2908 2317 2994 posueriS,
2374 2914 2587 2971 tamen
2629 2906 2700 2969 in

483 3003 729 3091 reliqua
794 3011 1244 3074 enunciatione
1296 3010 1658 3076 referantur
1716 3009 2022 3095 quaedam
2080 3009 2164 3076 ad
2218 3007 2416 3074 verba
2471 3028 2699 3095 paren-

486 3108 652 3174 thesi
695 3109 958 3177 inclusa.
1044 3113 1395 3209 Propterea
1450 3115 1612 3180 haec
1666 3117 1849 3202 signa
1906 3125 1980 3179 ut
2035 3135 2257 3201 parum
2303 3125 2450 3201 apta
2497 3114 2699 3190 omisi,

488 3223 554 3279 et
597 3223 744 3281 ante
790 3216 1208 3302 διαλέγονται
1250 3221 1320 3286 δὲ
1366 3218 1536 3299 colo,
1580 3239 1716 3284 non
1759 3228 2001 3317 puncto
2040 3217 2314 3298 distinxi,
2357 3222 2504 3305 quia
2541 3220 2699 3295 haec

485 3318 682 3384 verba
740 3324 1041 3408 opposita
1097 3333 1247 3390 sunt
1304 3323 1741 3410 superioribus
1803 3316 2048 3389 ταύτὸν
2103 3326 2224 3411 μὲν
2278 3318 2698 3389 ὑποδύονται.

487 3421 793 3489 Ceterum
860 3430 1065 3491 omnis
1132 3428 1293 3492 haec
1357 3432 1800 3494 controversia
1867 3427 2020 3493 inde
2087 3427 2342 3494 videtur
2393 3447 2699 3506 manasse,

486 3526 661 3613 quod
706 3531 846 3612 ipse
891 3534 1162 3617 scriptor
1205 3537 1664 3598 sententiarum
1702 3531 1992 3597 ordinem
2031 3553 2165 3597 non
2204 3535 2353 3599 satis
2392 3542 2567 3599 recte
2604 3533 2699 3595 in-

488 3633 709 3696 stituit.
801 3631 933 3697 Ubi
981 3638 1145 3699 enim
1201 3637 1605 3723 sophisticam
1666 3635 2031 3723 descripsit,
2086 3633 2129 3716 ἡ
2173 3629 2303 3720 γὰρ
2352 3628 2699 3726 σοφιστικὴ

487 3737 859 3824 φαινομένη
896 3732 1107 3820 μόνον
1146 3742 1356 3830 σοφία
1393 3745 1550 3819 ἐστι’,
1597 3740 1876 3807 debebat
1911 3743 2119 3806 statim
2156 3738 2527 3806 dialecticae
2556 3737 2701 3804 sub-

484 3840 678 3904 iicere
726 3838 1217 3929 descriptionem
1263 3845 1377 3910 καὶ
1427 3841 1470 3924 ἡ
1517 3837 1884 3924 διαλεκτικὴ
1929 3839 2342 3933 πειραστική,
2403 3853 2469 3909 et
2526 3839 2702 3930 quod

488 3941 724 4008 deinde
747 3944 1116 4011 dialecticis
1161 3946 1382 4012 tribuit
1426 3948 1844 4032 διαλέγονται
1884 3949 2036 4032 περὶ
2079 3943 2420 4026 ἁπάντων,
2476 3940 2700 4014 κοινὸν

487 4047 560 4111 δὲ
606 4049 774 4113 πᾶσι
814 4043 892 4115 τὸ
939 4042 1017 4115 ὅν
1061 4055 1226 4131 ἐστι,
1271 4052 1438 4118 idem
1485 4053 1568 4117 ad
1614 4054 1934 4140 sophistas
1981 4060 2045 4115 et
2088 4054 2264 4138 ipsos
2310 4061 2446 4117 erat
2491 4062 2701 4116 exten-

488 4149 786 4216 dendum.
852 4152 1032 4219 Haec
1069 4160 1390 4242 scriptoris
1427 4157 1826 4245 negligentia
1863 4159 2283 4243 interpretum
2320 4155 2577 4220 videtur
2613 4153 2701 4219 ef-

487 4254 715 4321 fecisse
759 4254 1128 4323 dissensum.

622 4361 827 4427 100412
850 4363 932 4428 27
968 4363 1085 4427 ἔτι
1116 4365 1273 4429 τῶν
1311 4364 1709 4431 ἐναντίων
1747 4401 1828 4415 -
1865 4365 2142 4429 1005a8
2178 4359 2501 4448 ὁμοίως.
2558 4362 2703 4427 Phi-

489 4461 825 4551 losophiae
884 4487 1025 4532 esse
1082 4471 1295 4534 omnia
1354 4477 1420 4534 et
1466 4490 1704 4534 vocare
1747 4472 1817 4535 in
1862 4469 2297 4555 quaestionem
2347 4477 2414 4534 et
2459 4488 2702 4556 cogno-
