3043 4973
452 296 455 299 ’
499 279 659 357 5⁰2³
1319 284 1399 352 A
1448 279 1517 351 7.
1601 277 1868 352 1072ὂ.

501 468 628 522 tem
686 454 893 519 solum
944 455 1141 520 habet
1181 452 1615 541 intelligendi,
1671 452 1785 518 sed
1830 457 2074 536 ἐνεργεῖ
2109 452 2262 517 ῠ22.
2353 451 2591 536 Atque,
2651 452 2708 514 si

501 568 707 623 actum
752 559 1041 643 potentia
1084 560 1406 644 potiorem
1455 577 1595 620 esse
1641 564 1891 621 constat
1931 553 2054 633 (cf.
2091 554 2151 620 Θ
2178 557 2278 633 8),
2321 556 2389 620 in
2428 553 2554 617 hoc
2589 572 2709 638 po·

500 662 624 726 tius
683 658 1086 748 intelligendi
1112 714 1118 719 .
1145 671 1291 725 actu
1348 681 1536 746 quam
1584 661 1653 723 in
1695 660 1982 745 potentia
2029 655 2303 722 divinam
2351 661 2486 721 eius
2530 665 2710 721 natu·

500 784 632 828 ram
679 766 854 828 cerni
901 773 1183 849 apparet,
1229 784 1432 848 eaque
1475 765 1703 827 suimet
1743 764 1943 846 ipsius
1979 760 2435 847 contemplatio
2472 777 2708 822 summa

504 869 640 931 eius
687 875 750 930 et
795 867 997 930 virtus
1046 874 1144 930 est
1191 876 1253 930 et
1297 863 1664 941 beatitudo,
1710 865 1857 927 1524.
1947 864 2129 928 Deus
2172 867 2394 951 igitur,
2442 866 2497 926 is
2544 864 2709 927 enim

503 978 602 1034 est
645 989 921 1032 summus
965 967 1078 1034 ille
1121 967 1511 1046 intellectus,
1571 970 1718 1052 quia
1777 976 2092 1052 perpetuo
2146 970 2213 1031 in
2258 968 2384 1030 hoc
2426 975 2526 1029 est
2568 974 2711 1027 actu

502 1093 714 1157 neque
760 1093 1035 1157 unquam
1082 1093 1120 1136 e
1164 1074 1453 1157 potentia
1497 1073 1725 1135 transit
1768 1069 1850 1134 ad
1895 1079 2119 1146 actum,
2166 1069 2244 1132 cf.
2286 1071 2348 1133 9.
2383 1069 2585 1133 10740
2607 1067 2714 1143 28,

502 1183 818 1259 perpetuo
871 1196 946 1239 ea
992 1175 1222 1239 fruitur
1264 1173 1690 1252 beatitudine,
1746 1175 1849 1237 cui
1906 1192 2143 1236 summa
2192 1171 2502 1236 humanae
2544 1174 2714 1234 vitae

504 1276 841 1342 beatitudo
888 1280 989 1342 vix
1035 1282 1407 1363 comparari,
1450 1275 1685 1342 nedum
1730 1278 1987 1361 aequari
2031 1277 2273 1360 possit..
2331 1275 2426 1338 Ac
2456 1276 2585 1337 vita
2620 1275 2716 1336 in-

508 1388 607 1444 est
661 1400 905 1444 summo
960 1379 1348 1455 intellectui3
1405 1384 1544 1466 ipsa
1604 1382 1771 1444 enim
1817 1381 1954 1442 eius
2002 1381 2169 1441 actio
2213 1388 2316 1440 est
2356 1379 2504 1440 vita.
2595 1375 2714 1438 Ita-

505 1504 631 1567 que
671 1483 934 1571 (φαμὲν
973 1477 1057 1561 δή
1097 1483 1228 1548 ⁶28
1264 1482 1665 1547 scribendum
1703 1481 1972 1558 videtur,
2020 1482 2315 1565 quoniam
2355 1478 2717 1563 complecti-

509 1593 615 1648 tur
643 1586 751 1649 Ar.
794 1605 957 1669 quae
995 1593 1183 1649 autea
1222 1585 1703 1671 comprobavit)
1752 1583 1910 1649 deus
1960 1592 2058 1646 est
2098 1581 2269 1664 ζῷον
2312 1579 2528 1645 ἀΐδιον
2571 1574 2718 1668 ἄρι-

509 1707 701 1764 στον,
756 1709 832 1751 ac
875 1690 1009 1752 vita
1053 1699 1310 1754 aeterna
1360 1699 1425 1752 et
1469 1691 1708 1773 optima
1753 1707 1887 1750 non
1931 1689 2099 1750 inest
2140 1682 2345 1749 solum
2394 1682 2545 1762 deo,
2601 1681 2720 1748 sed

506 1792 651 1875 ipse
686 1801 789 1854 est
822 1790 983 1855 haec
1013 1794 1162 1869 vita,
1200 1791 1280 1855 cf.
1313 1790 1395 1856 de
1426 1790 1616 1855 coelo
1645 1791 1708 1855 11
1735 1792 1796 1855 3.
1828 1790 1996 1855 286α
2020 1791 2092 1854 92
2127 1789 2303 1852 θεοῦ
2338 1783 2396 1850 δ’
2430 1791 2718 1871 ἐνέργεια

509 1889 894 1958 ἀθανασία·
939 1893 1137 1959 τοῦτο
1182 1890 1243 1958 δ’
1281 1894 1419 1958 ἐστὶ
1462 1887 1595 1973 ζωὴ
1639 1889 1868 1969 ἀΐδιος.
1930 1892 1958 1956 1
1994 1894 2058 1957 9.
2093 1892 2262 1956 279«
2286 1893 2392 1956 20.
2456 1890 2599 1955 Eth.
2630 1890 2717 1954 N.

456 2002 463 2008 ’
508 1994 566 2059 X
598 1996 661 2059 8.
700 1997 906 2060 1178ὖ
937 1998 999 2061 8.

641 2099 851 2163 1072ὂ
872 2101 961 2165 39
990 2095 1179 2166 ὅσοι
1211 2134 1294 2153 -
1325 2100 1536 2164 10730
1561 2100 1605 2165 3
1636 2100 1972 2183 σπέρμα.
2032 2095 2394 2163 Coniuncta
2422 2099 2487 2160 in
2512 2098 2720 2182 primo

510 2326 674 2397 Phys.
700 2325 846 2382 VIII
872 2342 918 2381 4.
946 2337 1081 2384 25³⁸
1102 2345 1191 2386 δεῖ
1229 2333 1338 2384 ἐστι
1375 2331 1429 2382 δὲ
1464 2329 1683 2399 δυνάμει
1717 2325 1885 2389 ἄλλως
1921 2328 1949 2382 ὃ
1984 2329 2275 2400 μανθάνων
2310 2329 2602 2400 ἐπιστήμων
2629 2333 2722 2383 καὶ

514 2409 546 2464 ὃ
579 2416 732 2478 ἔχων
765 2410 869 2483 ἤδη
903 2417 997 2468 καὶ
1032 2415 1106 2486 μὴ
1152 2417 1381 2488 θεωρῶν.
1422 2444 1486 2456 --
1536 2414 1566 2468 ὁ
1612 2415 1714 2486 γὰρ
1762 2420 1914 2482 ἔχων
1958 2412 2243 2485 ἐπιστήμην
2285 2414 2358 2485 μὴ
2402 2413 2620 2488 θεωρεῖν
2664 2416 2721 2468 δὲ

513 2497 729 2570 δυνάμει
763 2503 904 2555 ἐστὶν
938 2498 1236 2572 ἐπιστήμων
1272 2523 1397 2561 πως.
1450 2502 1514 2553 de
1537 2518 1625 2554 an.
1652 2501 1723 2554 II
1754 2519 1800 2557 1.
1839 2509 1972 2557 412⁸
2003 2518 2092 2558 23:
2137 2501 2368 2573 φανερὰν
2405 2493 2497 2554 οὖν
2533 2499 2618 2555 ὅτι
2652 2500 2722 2563 ὧς

511 2585 792 2656 ἐπιστήμη,
830 2620 894 2630 -
933 2583 1193 2657 ἀνάλογον
1230 2583 1284 2641 ‹5'
1318 2586 1346 2656 ἦ
1391 2592 1484 2657 μὲν
1532 2587 1830 2659 ἐγρήγορσις
1874 2585 1946 2656 τῷ
1992 2594 2235 2659 θεωρεῖν,
2281 2586 2310 2639 ὃ
2356 2583 2406 2640 ‹5'
2438 2585 2599 2648 ὕπνος
2646 2586 2721 2658 τῷ

511 2671 677 2735 ἔχειν
714 2673 801 2723 καὶ
829 2672 903 2741 μὴ
932 2679 1166 2746 ἐνεργεῖν.
1217 2690 1263 2727 5.
1292 2666 1424 2729 417²⁵
1451 2689 1504 2726 5:
1545 2674 1786 2743 θεωροῦν
1823 2672 1927 2744 γοὶρ
1963 2676 2193 2741 γίγνεται
2221 2672 2284 2725 τὸ
2311 2677 2457 2740 ἕχον
2485 2675 2580 2743 τὴν
2609 2680 2725 2727 ἐπι-

513 2754 732 2825 στήμην.
782 2756 913 2810 Met.
943 2760 991 2811 Θ
1016 2775 1063 2814 6.
1094 2767 1261 2815 1⁰48⁰
1289 2774 1369 2813 ³4.
1423 2772 1469 2812 8.
1503 2765 1669 2812 1050⁶
1696 2773 1788 2813 36:
1809 2792 1871 2801 —
1911 2757 2013 2809 Sed
2035 2758 2111 2808 his
2136 2759 2383 2829 exemplis,
2409 2760 2589 2828 quibus
2611 2780 2721 2811 rem

512 2833 712 2892 decerni
745 2842 950 2896 Krische
986 2845 1128 2907 dicit,
1166 2845 1399 2914 equidem
1436 2863 1595 2912 prope
1632 2843 1755 2894 nihil
1787 2843 1987 2913 probari
2025 2844 2258 2908 arbitron
2302 2865 2552 2914 nusquam
2587 2845 2723 2897 enim

512 2927 643 2990 ἔχειν
674 2926 843 2995 ipsum
875 2946 968 2997 per
1001 2948 1053 2980 se
1082 2929 1338 2997 potentiae
1372 2930 1475 2981 vim
1509 2928 1689 2989 habet,
1733 2930 1823 2980 sed
1866 2929 2054 2999 ubique
2100 2944 2187 2982 aut
2230 2931 2458 2983 additum
2499 2946 2573 2984 est
2606 2936 2724 2985 ἐπι-

515 3007 745 3081 στήμην,
787 3027 876 3066 aut
918 3032 983 3065 ex
1025 3014 1430 3068 antecedentibus
1463 3014 1627 3064 verbis
1661 3013 1801 3065 facile
1837 3015 2121 3084 suppletur,
2164 3016 2317 3067 veluti
2349 3017 2499 3090 Phys.
2536 3019 2568 3068 l.
2590 3018 2624 3068 l.
2659 3038 2722 3070 ex

513 3114 653 3147 nom.
690 3096 986 3167 ἐπιστήμων
1021 3098 1160 3150 facile
1197 3098 1451 3151 obiectum
1487 3097 1772 3168 ἐπιστήμην
1806 3113 2021 3169 repetas;
2057 3101 2153 3151 hoc
2184 3115 2367 3163 autem,
2404 3103 2465 3153 de
2494 3123 2596 3171 quo
2621 3102 2721 3167 agi-

514 3193 620 3242 tur,
661 3182 774 3234 loco
819 3184 957 3235 nullo
1003 3183 1158 3235 modo
1206 3183 1270 3234 ad
1312 3187 1440 3258 ἔχειν
1485 3183 1706 3251 suppleri
1750 3198 1914 3253 potest
1948 3182 2248 3255 ἐπιστήμην.
2323 3186 2521 3253 Quodsi
2553 3187 2724 3238 liceret

512 3264 680 3334 ipsum
712 3270 922 3319 verbum
959 3273 1086 3335 ἔχειν
1120 3268 1371 3339 potentIae
1409 3267 1684 3333 significatu
1721 3268 1959 3338 accipere,
1993 3288 2058 3320 ne
2094 3282 2205 3321 tum
2241 3270 2445 3339 quidem
2481 3291 2538 3322 ea
2568 3271 2723 3322 inter-

513 3352 723 3420 premio
759 3367 872 3422 apta
906 3355 1168 3406 videretur.
1224 3354 1336 3406 Hoc
1369 3354 1503 3405 enim
1529 3354 1715 3406 diceret
1736 3355 2047 3408 Aristoteles:
2087 3353 2117 3408 ὃ
2153 3354 2274 3416 νοῦς
2308 3358 2422 3409 ἐστὶ
2454 3356 2520 3408 τὸ
2549 3359 2724 3408 δεκτι-

514 3433 606 3489 κὸν
643 3436 741 3490 τοῦ
772 3437 992 3507 νοητοῦ,
1033 3441 1066 3491 i.
1095 3460 1140 3493 e.
1176 3438 1207 3493 ὖ
1247 3439 1372 3500 νοῦς
1411 3442 1526 3494 ἐστὶ
1562 3438 1780 3509 δύναμις
1817 3442 1913 3493 τοῦ
1952 3447 2103 3494 νοεῖν.
2174 3441 2277 3493 Sed
2320 3462 2480 3511 quum
2523 3441 2585 3493 sit
2626 3462 2724 3512 po—

515 3522 693 3584 tentia,
728 3527 877 3589 ἓχων,
912 3524 944 3576 i.
971 3545 1015 3576 e.
1053 3522 1121 3578 ὢν
1159 3526 1401 3596 δυνάμει,
1447 3526 1584 3582 idem
1619 3524 1743 3586 νοῦς
1777 3526 1926 3577 simul
1960 3532 2164 3598 ἐνεργεῖ.
2235 3529 2309 3579 Ita
2343 3529 2728 3593 coniungeretm·

516 3607 723 3677 quidem
765 3608 819 3659 in
863 3610 1046 3661 eodem
1089 3612 1354 3664 enunciato
1397 3612 1647 3680 potentiae
1691 3626 1742 3664 et
1776 3626 1913 3664 actus
1948 3612 2259 3678 significatio,
2303 3615 2392 3665 sed
2427 3614 2512 3684 qui
2547 3615 2636 3666 fiat
2666 3629 2728 3665 ut

514 3683 651 3753 νοῦξ
671 3714 776 3745 non
811 3695 975 3745 solum
1009 3697 1231 3765 potentia
1265 3698 1327 3748 sit
1360 3697 1449 3748 sed
1485 3710 1616 3759 actu,
1651 3697 1683 3747 i.
1711 3717 1757 3749 e.
1795 3696 1992 3766 νόησις,
2027 3719 2130 3751 non
2160 3713 2287 3751 esset
2313 3699 2600 3751 indicatum.
2656 3701 2729 3752 At

514 3778 612 3830 hoc
648 3794 760 3849 apte
794 3778 1042 3831 indicatur
1075 3779 1116 3831 si
1152 3782 1216 3832 ad
1251 3785 1376 3847 ἔχων
1409 3801 1466 3832 ex
1494 3782 1897 3834 antecedentibus
1926 3783 1990 3837 τὸ
2019 3782 2206 3851 νοητόν
2237 3786 2548 3855 supplemus3
2583 3783 2727 3850 νοῦς,

515 3864 755 3933 quoniam
797 3868 1032 3933 γίγνεται
1073 3864 1261 3933 νοητός
1298 3860 1425 3929 ⁶2⁰,
1470 3867 1575 3936 ipse
1619 3867 1672 3919 in
1717 3888 1769 3920 se
1814 3888 1979 3938 neque
2025 3883 2160 3921 extra
2202 3871 2423 3946 positum
2465 3872 2617 3924 habet
2658 3872 2727 3925 τὸ

515 3949 721 4018 νοητόν,
756 3968 815 4002 ac
849 3965 1113 4020 propterea
1146 3971 1253 4003 non
1286 3953 1453 4005 solum
1484 3953 1689 4004 facultas
1716 3954 1803 4004 sed
1832 3953 1937 4023 ipse
1965 3948 2110 4005 actus
2127 3969 2202 4006 est
2221 3955 2536 4021 intelligendi.
2586 3959 2728 4009 Ean-

515 4036 634 4087 dem
667 4036 1125 4105 interpretationem
1160 4038 1424 4108 proposuit
1459 4039 1625 4092 Zeller
1645 4039 1739 4090 Ph.
1769 4040 1819 4090 d.
1849 4040 1941 4092 Gr.
1969 4042 2032 4092 Π.
2069 4061 2119 4110 p.
2150 4056 2267 4103 431,
2305 4057 2361 4106 ³3
2395 4042 2605 4094 Krisehii
2640 4062 2726 4093 ex-

513 4120 832 4190 plicationem
865 4121 1094 4191 probavit
1117 4123 1288 4175 Schw.
1318 4157 1380 4168 --
1418 4124 1663 4177 Proximis
1697 4125 1750 4177 in
1786 4125 1946 4179 verbis
1981 4147 2072 4178 cur
2105 4128 2326 4193 vulgatae
2360 4130 2472 4180 lect.
2509 4129 2725 4182 Alexan-

515 4206 592 4258 dri
624 4205 921 4276 scripturam
955 4209 1333 4277 praeferendam
1367 4198 1663 4280 putaverim,
1698 4231 1756 4262 ex
1792 4211 1900 4281 ipsa
1933 4211 2337 4282 interpretatione
2371 4231 2608 4283 apparere
2644 4233 2725 4266 ar—

514 4291 695 4357 bitron
743 4293 841 4345 hoc
875 4292 1011 4344 enim
1046 4294 1136 4345 Ar.
1175 4292 1315 4346 dicit:
1362 4290 1496 4348 ὥστ’
1523 4300 1719 4351 ἐκείνου
1755 4294 1877 4364 (int.
1914 4295 2014 4350 τοῦ
2048 4298 2285 4354 δεκτικὸν
2321 4289 2487 4364 εἶναι)
2523 4297 2727 4368 μᾶλλον

515 4380 678 4432 τοῦτο
714 4374 824 4446 (int
875 4377 943 4434 τὸ
976 4382 1208 4451 ἐνεργεῖν,
1244 4393 1294 4434 et
1326 4381 1491 4449 suppl.
1529 4377 1713 4449 ἐστίν).
1742 4378 1774 4436 ὃ
1812 4384 1959 4438 δοκεῖ
1991 4384 2101 4437 κτλ.
